sip_timestamp,ask_price,ask_size,bid_price,bid_size
1641200400037968461,8.1,1,0,0
1641211229958185398,8,1,4.74,7
1641218955874956566,7.99,1,4.75,1
1641219017976355291,8,1,4.75,1
1641219017976393950,7.98,1,4.75,1
1641219080077706678,8,1,4.75,1
1641219080077746403,7.97,1,4.75,1
1641219142178666294,8,1,4.75,1
1641219142178705537,7.96,1,4.75,1
1641219204280408819,8,1,4.75,1
1641219204280450807,7.95,1,4.75,1
1641219266381900396,8,1,4.75,1
1641219266381937757,7.94,1,4.75,1
1641219328483354575,8,1,4.75,1
1641219328483392215,7.93,1,4.75,1
1641219357529975507,7.92,1,4.75,1
1641219368800473657,7.93,1,4.75,1
1641219390584651430,8,1,4.75,1
1641219390584691374,7.92,1,4.75,1
1641219452685959436,8,1,4.75,1
1641219452685998872,7.91,1,4.75,1
1641219514787400134,8,1,4.75,1
1641219514787438662,7.9,1,4.75,1
1641219514890468028,7.89,1,4.75,1
1641219576888856984,7.88,1,4.75,1
1641219638861954719,7.88,1,4.77,1
1641219638990093297,8,1,4.77,1
1641219638990131633,7.87,1,4.77,1
1641219701091466261,8,1,4.77,1
1641219701091504866,7.86,1,4.77,1
1641219763192788039,8,1,4.77,1
1641219763192832345,7.85,1,4.77,1
1641219763294444363,7.84,1,4.77,1
1641219825294254007,7.83,1,4.77,1
1641219887395561262,8,1,4.77,1
1641219887395599547,7.82,1,4.77,1
1641219887505903035,7.81,1,4.77,1
1641219949496933787,7.8,1,4.77,1
1641219996315364380,8,1,4.77,1
1641220201311425751,5.61,2,5.13,43
1641220201970664767,5.61,2,5.16,1
1641220201976205344,5.61,2,5.13,43
1641220202534507034,5.61,1,5.13,43
1641220202535199265,5.59,2,5.13,43
1641220202548614919,5.62,1,5.13,43
1641220211448650073,5.58,2,5.13,43
1641220212190451341,5.62,1,5.13,43
1641220213997889079,5.55,2,5.13,43
1641220214004883983,5.55,1,5.13,43
1641220438505068172,5.54,3,5.21,2
1641220438505862721,5.54,3,5.13,44
1641220438535976023,5.54,3,5.14,1
1641220438797307592,5.54,3,5.13,43
1641220486594059580,5.54,3,5.14,1
1641220486603882293,5.53,2,5.14,1
1641220486609339124,5.53,3,5.14,1
1641220495742398505,5.52,1,5.14,1
1641220495747792847,5.52,2,5.14,1
1641220541176943228,5.4,1,5.14,1
1641220541177022366,5.4,18,5.14,1
1641220543151400413,5.39,1,5.14,1
1641220662005533498,5.38,2,5.14,1
1641220664658867745,5.37,1,5.14,1
1641220821343208336,5.37,2,5.14,1
1641221472595139277,5.2,10,5.14,1
1641221476019858886,5.19,1,5.14,1
1641222033316635543,5.2,10,5.14,1
1641222033316726515,5.19,1,5.14,1
1641222077608187221,5.2,10,5.14,1
1641222390024686678,5.19,1,5.14,1
1641223158594942895,5.24,1,5.17,10
1641223158594963941,5.24,1,5.18,1
1641223158594966289,5.24,1,5.18,3
1641223158595288169,5.26,2,5.18,3
1641223158595319872,5.28,1,5.18,3
1641223158595400420,5.26,1,5.18,3
1641223158595431092,5.28,1,5.18,3
1641223158595654160,5.28,1,5.18,1
1641223158596598110,5.28,3,5.18,1
1641223158596924134,5.28,3,5.17,10
1641223571030520809,5.25,1,5.2,1
1641223571030890735,5.25,1,5.2,1
1641223571037713238,5.3,1,5.2,1
1641223571038003863,5.32,3,5.2,1
1641223571038044332,5.32,2,5.2,1
1641223571038052533,5.32,1,5.2,1
1641223571038377590,5.32,2,5.2,1
1641223571338281955,5.37,1,5.2,1
1641223571338861342,5.37,2,5.2,1
1641223571338881053,5.37,4,5.2,1
1641223571338901087,5.37,6,5.2,1
1641223571386386103,5.37,6,5.2,1
1641223571638892998,5.37,1,5.2,1
1641223571658156689,5.36,1,5.2,1
1641223571658730456,5.36,3,5.2,1
1641223571958754468,5.36,1,5.2,1
1641223573078225932,5.35,1,5.2,1
1641223592490548553,5.35,1,5.2,1
1641226060569287294,5.35,2,5.3,8
1641226060569290460,5.35,1,5.3,8
1641226060569442440,5.35,1,5.3,7
1641226060569608630,5.35,1,5.2,1
1641226122628215037,5.33,1,5.2,1
1641226148295448442,5.33,1,5.2,1
1641227941229585208,5.34,1,5.25,1
1641227944601255598,5.33,1,5.25,1
1641227944612532348,5.33,1,5.25,1
1641228850419375980,5.34,1,5.25,1
1641228853442843893,5.33,1,5.25,1
1641228856887248829,5.33,1,5.25,1
1641228996777673761,5.33,1,5.21,1
1641228996778013055,5.33,1,5.21,1
1641236545629451381,5.33,1,5.17,1
1641236545629471730,5.25,2,5.17,1
1641236545629693238,5.25,2,5.15,2
1641236545629702757,5.25,2,5.15,1
1641236545629717013,5.25,2,5.14,1
1641236545629725634,5.25,2,5.13,29
1641236545630143032,5.25,1,5.13,29
1641236545649576080,5.25,1,5.13,28
1641236545930201647,5.25,1,5.13,26
1641237456278857131,5.24,1,5.13,26
1641238364578173188,5.23,1,5.13,25
1641239267997407583,5.22,1,5.13,25
1641239929657081752,5.21,1,5.09,1
1641239929657106048,5.16,2,5.09,1
1641239929657419470,5.16,2,5.05,1
1641239929657758130,5.16,1,5.05,1
1641239929657892776,5.16,1,5.05,3
1641239929681319808,5.16,1,5.05,2
1641239931657945646,5.16,1,5.05,1
1641239931668582108,5.16,1,5.01,1
1641239931668720169,5.16,1,4.97,5
1641239931668825300,5.16,1,5.01,2
1641239931668866976,5.16,1,5.01,3
1641239931668914413,5.16,1,5.01,5
1641239931669619672,5.16,1,5.05,1
1641239931669922440,5.16,1,5.01,5
1641239931768913438,5.16,1,5.01,4
1641239933668953867,5.15,1,5,1
1641239961005176584,5.15,1,4.97,5
1641239989624572408,5.15,1,4.97,5
1641240032215057490,5.15,1,4.97,5
1641240077224709391,5.15,1,4.97,5
1641240851452850813,5.14,1,4.97,5
1641241013385554787,5.14,1,4.97,5
1641241094986809346,5.14,2,4.97,5
1641241226009227419,5.14,1,4.97,5
1641241764850386839,5.13,1,4.97,5
1641242544683582456,5.13,1,4.97,5
1641242544686343931,5.13,1,4.97,10
1641242998538760099,5.12,1,4.97,7
1641243591650553421,5.11,3,5,1
1641243591655570328,5.11,3,4.97,9
1641243600595536801,5.44,1,4.74,7
1641243600601874593,5.44,1,4.71,1
1641243600602750842,5.44,1,4.74,7
1641243600606056245,5.44,1,4.74,7
1641243601051861224,5.64,1,4.74,7
1641243601052633038,5.64,1,4.74,7
1641243601052639102,5.85,1,4.74,7
1641243601067002624,6.16,1,4.74,7
1641243601067466820,6.3,1,4.74,7
1641243601102276440,6.64,1,4.74,7
1641243601102816997,6.79,1,4.74,7
1641243601111129382,7.32,1,4.74,7
1641243601195446574,7.71,1,4.74,7
1641243601195970690,7.89,1,4.74,7
1641243601207645550,8,1,4.74,7
1641243725396699167,8,1,4.75,1
1641243734451652377,8,1,4.75,1
1641243743802378913,8,1,4.75,1
1641244725341982589,6.5,1,4.75,1
1641244725534410149,6.49,1,4.74,7
1641246541911271315,6.49,1,4.74,7
1641250741246944865,6.5,1,4.75,1
1641250741375379288,6.5,1,4.74,7
1641250741485953605,6.5,1,4.76,1
1641250801341878890,8,1,4.76,1
1641257941234099753,8.1,1,4.76,1
1641257941344442109,8.1,1,4.74,7
1641286800039610091,12,2,0,0
1641286800039610233,8,1,0,0
1641286800061730470,8,1,4.08,1
1641305355993398494,7.95,1,4.75,1
1641305356174817307,7.94,1,4.74,7
1641305418094215579,7.94,1,4.74,7
1641305418095024270,7.95,1,4.76,1
1641305480195460362,7.93,1,4.74,7
1641305480196273600,7.95,1,4.76,1
1641305542297536907,7.95,1,4.76,1
1641305604398944281,7.95,1,4.76,1
1641305666500330128,7.95,1,4.76,1
1641305666532873414,7.89,1,4.74,7
1641305666788517434,7.89,1,4.74,7
1641305728601701761,7.95,1,4.75,1
1641305728638654485,7.88,1,4.74,7
1641305790703167279,7.95,1,4.76,1
1641305790740063568,7.87,1,4.74,7
1641305852804450558,7.95,1,4.76,1
1641305977205572369,7.84,1,4.74,7
1641305977457700360,7.84,1,4.74,7
1641306039108620783,7.95,1,4.75,1
1641306039308618281,7.83,1,4.74,7
1641306101409934724,7.81,1,4.74,7
1641306163311689759,7.95,1,4.76,1
1641306225412989390,7.95,1,4.76,1
1641306287514583456,7.95,1,4.76,1
1641306287717497554,7.78,1,4.74,7
1641306287973623964,7.77,1,4.74,7
1641306349822107118,7.76,1,4.74,7
1641306397413723766,7.76,1,4.74,7
1641306397414182711,7.95,2,4.74,7
1641307563235657013,5.14,1,5.01,35
1641307563245083457,5.13,1,5.01,35
1641307565211582413,5.12,1,5.01,35
1641307886649480346,5.12,2,5.01,35
1641308318056979971,5.12,3,5.01,35
1641308400042778193,5.12,2,5.01,35
1641308400351014290,5.12,3,5.01,35
1641308468909048785,5.12,2,5.01,35
1641309372564978110,5.12,2,5.01,35
1641309373661328326,5.11,1,5.01,35
1641310276460169408,5.12,2,5.01,35
1641310276460207302,5.12,1,5.01,35
1641311194928592039,5.12,1,5.01,35
1641311196740424587,5.11,1,5.01,35
1641312099559787506,5.12,1,5.01,35
1641312107095482699,5.11,1,5.01,35
1641312153636870721,5.08,1,5.01,35
1641312153637510375,5.08,1,5.01,34
1641312153637562483,5.08,1,5.01,33
1641312153637785258,5.08,1,5.01,31
1641312153637861545,5.08,1,5.01,30
1641312153639058042,5.11,1,5.01,30
1641313007332717511,5.12,1,5.01,30
1641313009424799864,5.11,1,5.01,30
1641313913096253648,5.12,1,5.01,30
1641313917800668451,5.11,1,5.01,30
1641314818515390985,5.12,1,5.01,30
1641314829860742814,5.11,1,5.01,30
1641315731999407532,5.12,1,5.01,30
1641315733918989322,5.11,1,5.01,30
1641316637240517104,5.12,1,5.01,30
1641316647531374843,5.11,1,5.01,30
1641317551358641996,5.12,1,5.01,30
1641317556753746697,5.11,1,5.01,30
1641318461094821784,5.12,1,5.01,30
1641319370097365443,5.11,1,5.01,30
1641319370097473064,5.12,1,5.01,30
1641319372121515653,5.11,1,5.01,30
1641320276625125930,5.12,1,5.01,30
1641320277697427414,5.11,1,5.01,30
1641321179834664986,5.12,1,5.01,30
1641321181902758287,5.11,1,5.01,30
1641322084119901794,5.12,1,5.01,30
1641322085627491725,5.11,1,5.01,30
1641322987351992743,5.12,1,5.01,30
1641322989371587487,5.11,1,5.01,30
1641323890720681070,5.12,1,5.01,30
1641323903604501374,5.11,1,5.01,30
1641324808893097171,5.12,1,5.01,30
1641324812411718680,5.11,1,5.01,30
1641325694189182648,5.1,1,5.01,30
1641325696764301561,5.09,1,5.01,30
1641325893499431045,5.06,1,5.01,30
1641326916389869777,5.06,1,5.01,29
1641326946923869848,5.06,1,5.01,28
1641326977456117786,5.06,1,5.01,27
1641327007991124649,5.06,1,5.01,26
1641327038544315939,5.06,1,5.01,25
1641327069076563387,5.06,1,5.01,24
1641327099610547825,5.06,1,5.01,23
1641327099610603608,5.06,1,5.01,3
1641327099610694200,5.06,1,5.01,2
1641327099611041423,5.06,1,4.97,1
1641327099611084147,5.06,1,4.93,1
1641327099611215832,5.06,1,4.96,1
1641327099613174379,5.06,1,4.93,7
1641327099613190742,5.06,1,4.97,1
1641327099642367369,5.06,1,4.97,1
1641327101611679029,5.06,1,4.97,1
1641327191211029197,5.06,1,4.93,1
1641327191211169483,5.06,1,4.9,3
1641327191211288742,5.06,1,4.93,2
1641327191212442935,5.06,1,4.96,1
1641327252279629588,5.06,1,4.92,1
1641327252279733293,5.06,1,4.91,2
1641327252279746368,5.06,1,4.9,1
1641327252279890298,5.06,1,4.92,2
1641327252303488862,5.06,1,4.96,1
1641327282812820217,5.06,1,4.92,1
1641327282812924143,5.06,1,4.91,2
1641327282812938297,5.06,1,4.9,1
1641327282813081541,5.06,1,4.92,2
1641327284813142725,5.06,1,4.9,2
1641327284813175047,5.06,1,4.9,1
1641327289945414664,5.06,1,4.96,1
1641327313372581314,5.06,1,4.92,1
1641327313372707392,5.06,1,4.9,1
1641327313372985896,5.06,1,4.9,2
1641327313373018391,5.06,1,4.9,4
1641327313373034096,5.06,1,4.9,5
1641327313390575973,5.06,1,4.96,1
1641327313686252823,5.06,1,4.9,4
1641327315373054441,5.06,1,4.9,2
1641327315373087898,5.06,1,4.9,1
1641327341881521659,5.06,1,4.96,1
1641327343927672909,5.06,1,4.92,1
1641327343927774467,5.06,1,4.91,2
1641327343927816709,5.06,1,4.9,1
1641327343927922009,5.06,1,4.92,2
1641327345927994947,5.06,1,4.9,1
1641327590758758973,5.06,1,4.89,1
1641327649326248816,5.06,2,4.89,1
1641327703655328089,5.06,1,4.89,1
1641327707074938752,5.05,1,4.89,1
1641327740926661327,5.05,1,4.88,2
1641327832525924057,5.05,2,4.86,1
1641327893594527595,4.94,1,4.86,1
1641327893594866768,4.94,1,4.83,1
1641327893595033874,5.05,1,4.83,1
1641327893595076639,5.05,2,4.83,1
1641327924135920312,5.05,2,4.84,4
1641327924747507305,5.05,2,4.84,4
1641328229468590524,5.05,2,4.83,1
1641328229468614871,4.92,1,4.83,1
1641328229469634512,5.05,1,4.83,1
1641328229469676628,5.05,2,4.83,1
1641328260003120398,5.05,2,4.8,1
1641328260017884948,5.05,2,4.84,4
1641328260615570134,5.05,2,4.84,4
1641328382154621572,5.05,2,4.8,1
1641328382154648533,4.92,1,4.8,1
1641328382155661326,5.05,1,4.8,1
1641328382259360139,5.05,2,4.8,1
1641328412696603617,5.05,2,4.81,4
1641328413316071662,5.05,1,4.81,4
1641328595950247169,5.05,4,4.81,1
1641328626468781973,5.04,2,4.8,1
1641328657000794356,4.91,1,4.8,1
1641328657000887946,4.91,1,4.77,1
1641328657001868034,5.04,1,4.77,1
1641328657002839895,5.04,2,4.77,1
1641328687556954562,5.04,2,4.78,5
1641328687692027637,5.04,1,4.78,5
1641328863673884074,5.04,1,4.8,2
1641328901287986304,5.04,4,4.8,2
1641328923642296602,5.04,4,4.78,5
1641328923643668464,5.04,4,4.84,1
1641328923784862595,5.04,4,4.84,1
1641328923784886006,4.92,1,4.84,1
1641328923784919715,4.92,1,4.78,5
1641328923785973915,5.04,4,4.78,3
1641329176119966265,5.04,4,4.78,2
1641329206657242075,5.04,4,4.78,1
1641329237250751234,5.04,4,4.77,1
1641329237422238067,5.04,4,4.78,1
1641329237595902626,5.04,4,4.77,1
1641329237862736600,5.04,4,4.78,1
1641329238092392818,5.04,4,4.77,1
1641329238320186870,5.04,4,4.78,1
1641329238542801630,5.04,4,4.77,1
1641329238827583097,5.04,4,4.78,1
1641329239100882680,5.04,4,4.77,1
1641329239363567242,5.04,4,4.78,1
1641329239536149544,5.04,4,4.77,1
1641329239874399333,5.04,4,4.78,1
1641329240042837533,5.04,4,4.77,1
1641329240315453242,5.04,4,4.78,1
1641329240534560786,5.04,4,4.77,1
1641329240822244364,5.04,4,4.78,1
1641329241087762687,5.04,4,4.77,1
1641329241360641744,5.04,4,4.78,1
1641329241548321838,5.04,4,4.77,1
1641329241836116962,5.04,4,4.78,1
1641329242055385501,5.04,4,4.77,1
1641329242399171337,5.04,4,4.78,1
1641329242541655602,5.04,4,4.77,1
1641329242813216595,5.04,4,4.78,1
1641329243048243052,5.04,4,4.77,1
1641329243382116876,5.04,4,4.78,1
1641329243550343132,5.04,4,4.77,1
1641329243873196642,5.04,4,4.78,1
1641329244056292241,5.04,4,4.77,1
1641329244379907023,5.04,4,4.78,1
1641329244543275814,5.04,4,4.77,1
1641329244949587243,5.04,4,4.78,1
1641329245076057846,5.04,4,4.77,1
1641329245422716591,5.04,4,4.78,1
1641329245556917175,5.04,4,4.77,1
1641329246423405816,5.04,4,4.78,1
1641329246606695615,5.04,4,4.77,1
1641329248423508521,5.04,4,4.78,1
1641329248618402662,5.04,4,4.77,1
1641329251429672129,5.04,4,4.78,1
1641329251666659060,5.04,4,4.77,1
1641329297423068736,5.04,4,4.78,1
1641329297684607696,5.04,4,4.77,1
1641329298003954037,5.04,4,4.78,1
1641329298166316738,5.04,4,4.77,1
1641329298548269745,5.04,4,4.78,1
1641329298734633461,5.04,4,4.77,1
1641329298945339528,5.04,4,4.78,1
1641329299169251437,5.04,4,4.77,1
1641329299447488659,5.04,4,4.78,1
1641329299743380134,5.04,4,4.77,1
1641329300026724447,5.04,4,4.78,1
1641329300239432512,5.04,4,4.77,1
1641329300471165974,5.04,4,4.78,1
1641329300731209571,5.04,4,4.77,1
1641329301063225730,5.04,4,4.78,1
1641329301186996207,5.04,4,4.77,1
1641329301454717496,5.04,4,4.78,1
1641329301724131509,5.04,4,4.77,1
1641329302018345930,5.04,4,4.78,1
1641329302241547145,5.04,4,4.77,1
1641329302457953537,5.04,4,4.78,1
1641329302686592323,5.04,4,4.77,1
1641329302998906942,5.04,4,4.78,1
1641329303178854494,5.04,4,4.77,1
1641329303501235329,5.04,4,4.78,1
1641329303747265127,5.04,4,4.77,1
1641329304049774450,5.04,4,4.78,1
1641329304191994185,5.04,4,4.77,1
1641329304469583071,5.04,4,4.78,1
1641329304750352316,5.04,4,4.77,1
1641329305001648184,5.04,4,4.78,1
1641329305185277622,5.04,4,4.77,1
1641329305520212954,5.04,4,4.78,1
1641329305748714001,5.04,4,4.77,1
1641329306424522396,5.04,4,4.78,1
1641329306696233624,5.04,4,4.77,1
1641329308424237588,5.04,4,4.78,1
1641329308759867441,5.04,4,4.77,1
1641329311424382069,5.04,4,4.78,1
1641329311519432578,5.04,4,4.77,1
1641329331375515574,5.04,4,4.79,2
1641329331375908394,5.04,4,4.79,6
1641329522755111298,5.04,4,4.85,1
1641329522768214383,5.04,3,4.85,1
1641329528684541334,5.04,1,4.85,1
1641329543431867297,5.02,2,4.81,1
1641329543431890724,4.91,2,4.81,1
1641329543432255973,4.91,2,4.79,6
1641329543432604345,4.91,2,4.79,2
1641329543432977277,5.02,1,4.79,8
1641329543440478917,5.02,1,4.8,4
1641329955126481184,5,1,4.77,1
1641329955132699620,5,1,4.78,4
1641329963414245491,5,1,4.78,3
1641329977791576828,5,1,4.78,2
1641329983581553788,5,1,4.77,1
1641329991650760567,5,2,4.75,3
1641329997162111317,5,1,4.75,3
1641329998808245104,5,1,4.76,4
1641330000680370952,4.97,4,4.74,7
1641330000686886657,4.99,12,4.74,7
1641330000698133754,5,1,4.74,7
1641330000709052815,5.15,10,4.74,7
1641330000720568930,5.17,1,4.74,7
1641330000733019660,5.24,3,4.74,7
1641330000746193111,5.24,2,4.74,7
1641330000746193229,5.24,1,4.74,7
1641330000746197137,5.3,2,4.74,7
1641330000760103588,5.3,1,4.74,7
1641330000760105377,5.4,1,4.74,7
1641330000760866976,5.4,1,4.74,7
1641330000760874294,5.58,1,4.74,7
1641330000760938725,5.58,1,4.74,7
1641330000761234810,5.6,3,4.74,7
1641330000774631666,5.6,2,4.74,7
1641330000789936128,5.62,1,4.74,7
1641330000805916138,5.85,1,4.74,7
1641330000806670134,5.85,1,4.74,7
1641330000806678758,6.03,1,4.74,7
1641330000837345954,6.1,1,4.74,7
1641330005060989271,5.12,1,4.74,7
1641330375385399915,5.12,1,4.74,7
1641330955789041160,5.12,1,4.74,7
1641330955923328431,5.12,1,4.74,7
1641331507244303594,5.12,1,4.74,7
1641331507369684860,5.12,1,4.74,7
1641332059297675901,5.12,1,4.74,7
1641332059435960731,5.12,1,4.74,7
1641332610843182112,5.12,1,4.74,7
1641332611010413113,5.12,1,4.74,7
1641333165375761612,5.12,1,4.74,7
1641333165516862258,5.12,1,4.74,7
1641333719439568192,5.12,1,4.74,7
1641333719491415759,5.12,1,4.74,7
1641334269909573680,5.12,1,4.74,7
1641334270121286386,5.12,1,4.74,7
1641334818768181823,5.12,1,4.74,7
1641334818932774714,5.12,1,4.74,7
1641335365741808515,5.12,1,4.74,7
1641335365894028405,5.12,1,4.74,7
1641335913096837869,5.12,1,4.74,7
1641335913200455674,5.12,1,4.74,7
1641336461262060194,5.12,1,4.74,7
1641336461414169217,5.12,1,4.74,7
1641337014374895906,5.12,1,4.74,7
1641344341745696882,5.12,1,4.74,7
1641373200040653210,8,1,0,0
1641373200062982262,8,1,4.08,1
1641384000048885944,8,1,4.62,5
1641384482174116639,8,1,4.75,1
1641390659538550797,7.93,1,4.75,1
1641392701496402780,7.93,2,4.75,1
1641392880474245523,7.93,2,4.74,7
1641393003992190971,5,1,4.8,4
1641393012645621477,4.99,1,4.8,4
1641393913388222219,5,1,4.8,4
1641393913394436231,4.99,2,4.8,4
1641393913401640500,4.99,3,4.8,4
1641393913403490017,4.99,2,4.8,4
1641393913409333605,4.99,3,4.8,4
1641393919096448057,4.98,1,4.8,4
1641393919102060016,4.98,2,4.8,4
1641394800043451692,4.98,2,4.8,4
1641394829558566340,4.97,1,4.8,4
1641395542094210711,4.97,2,4.8,4
1641395734999784230,4.96,1,4.8,4
1641396639229804045,4.97,2,4.8,4
1641396643523674095,4.96,1,4.8,4
1641397546011238061,4.97,2,4.8,4
1641397547778929676,4.96,1,4.8,4
1641398452954877282,4.97,2,4.8,4
1641398460437516166,4.96,1,4.8,4
1641399361222072786,5,1,4.8,4
1641399361232415645,4.99,2,4.8,4
1641399366336147686,4.98,1,4.8,4
1641400268064741844,4.99,2,4.8,4
1641400272188966120,4.98,1,4.8,4
1641401172310847406,4.99,2,4.8,4
1641401179786975024,4.98,1,4.8,4
1641402092080474585,4.99,2,4.8,4
1641402092080526305,4.99,3,4.8,4
1641402094889563137,4.98,1,4.8,4
1641402998357179292,4.99,3,4.8,4
1641403005606376316,4.98,1,4.8,4
1641403908037594038,4.99,3,4.8,4
1641403908295192051,4.98,1,4.8,4
1641404759365775663,4.9,2,4.8,4
1641404770368012482,4.89,1,4.8,4
1641404821936671635,4.89,2,4.8,4
1641404821937421851,4.89,1,4.8,4
1641405148366012160,4.88,2,4.8,4
1641405151692762490,4.87,1,4.8,4
1641405410585353161,4.87,1,4.8,4
1641405512519780600,4.87,1,4.8,4
1641405801645195768,4.87,1,4.8,4
1641405880155319498,4.87,1,4.8,4
1641406055134864643,4.87,1,4.8,4
1641406055135216457,4.9,2,4.8,4
1641406055153579854,4.89,2,4.8,4
1641406075001088752,4.88,1,4.8,4
1641406977053478588,4.88,1,4.8,4
1641406977053830829,4.89,2,4.8,4
1641406977631078239,4.87,1,4.8,4
1641407155184693547,4.87,1,4.8,1
1641407155185003177,4.87,1,4.77,1
1641407155186592063,4.87,1,4.74,8
1641407725484425597,4.87,2,4.8,5
1641407725494663297,4.87,1,4.8,5
1641407862007539431,4.87,2,4.8,5
1641408377763175283,4.86,1,4.8,1
1641408377763533062,4.86,1,4.76,1
1641408377763629204,4.86,1,4.75,2
1641408377763653137,4.86,1,4.75,1
1641408377763677514,4.86,1,4.74,8
1641408378064176478,4.86,1,4.74,8
1641408378064688758,4.86,1,4.74,8
1641408784069075400,4.89,2,4.74,8
1641408784069647294,4.89,4,4.74,8
1641408784369658728,4.89,2,4.74,8
1641408786786547233,4.88,1,4.74,8
1641409688661007322,4.89,2,4.74,8
1641409689439544062,4.88,1,4.74,8
1641410596072824220,4.89,2,4.74,8
1641410600119152663,4.88,1,4.74,8
1641411502169705762,4.89,2,4.74,8
1641411506708326205,4.88,1,4.74,8
1641412373498253408,4.88,1,4.74,3
1641412373498351204,4.88,1,4.74,2
1641412373498445963,4.88,1,4.74,1
1641412373498524415,4.88,1,4.71,1
1641412373500802983,4.88,1,4.7,3
1641412373500803195,4.88,2,4.7,3
1641412373501472469,4.88,2,4.7,2
1641412373510005734,4.87,2,4.7,2
1641412381559255367,4.86,1,4.7,2
1641412381571099772,4.85,2,4.7,2
1641412396161540324,4.84,1,4.7,2
1641412412655356550,4.84,1,4.68,1
1641412412663756917,4.84,1,4.65,1
1641412412672526926,4.84,1,4.65,1
1641412412672617584,4.84,1,4.63,1
1641412412680990524,4.84,1,4.63,1
1641412412681080487,4.84,1,4.63,1
1641412412681101289,4.84,1,4.62,7
1641412412973631493,4.84,1,4.62,5
1641413088273796748,4.84,1,4.62,4
1641413299365752517,4.85,2,4.62,4
1641413303297125488,4.84,1,4.62,4
1641413303306051623,4.83,4,4.62,4
1641413311222854041,4.82,1,4.62,4
1641414215917573962,4.83,4,4.62,4
1641414219828286666,4.82,1,4.62,4
1641414605118267316,4.79,1,4.62,4
1641414605122600679,4.82,1,4.62,4
1641414609868632973,4.77,1,4.62,4
1641414609872392771,4.82,1,4.62,4
1641414619864047189,4.78,1,4.62,4
1641414619869652376,4.82,1,4.62,4
1641414619869700777,4.78,2,4.62,4
1641414620277424641,4.77,1,4.62,4
1641414629863916495,4.76,1,4.62,4
1641414629866546680,4.77,1,4.62,4
1641414639864059837,4.75,1,4.62,4
1641414639867226747,4.77,1,4.62,4
1641414649863931141,4.74,1,4.62,4
1641414649869207388,4.77,1,4.62,4
1641414659864028734,4.74,1,4.62,4
1641414659867054463,4.77,1,4.62,4
1641414659872452344,4.74,2,4.62,4
1641414661449901153,4.73,1,4.62,4
1641415088600611920,4.73,1,4.62,4
1641415200914023308,4.73,1,4.62,4
1641415200918132263,4.73,1,4.62,5
1641415201003397948,4.73,1,4.62,5
1641415563147862779,4.73,1,4.62,5
1641415990023146587,4.72,1,4.62,5
1641416090022950852,4.72,1,4.62,5
1641416097311009052,4.72,2,4.62,4
1641416097311358463,4.72,2,4.62,4
1641416223822035100,4.72,1,4.62,9
1641416391650134121,4.72,1,4.62,9
1641416391650667167,4.72,1,4.62,9
1641416401672745289,5.31,1,4.62,5
1641416401673516680,5.31,1,4.62,5
1641416401673521903,5.57,1,4.62,5
1641416401674285991,5.57,1,4.62,5
1641416401674294586,5.58,2,4.62,5
1641416401784012043,5.84,1,4.62,5
1641416401784772448,5.84,1,4.62,5
1641416401784782089,6.05,1,4.62,5
1641416402039328118,7.37,1,4.62,5
1641416402039829070,7.5,25,4.62,5
1641416402055831050,7.9,1,4.62,5
1641416402056375058,8,1,4.62,5
1641416949010837313,8,1,4.63,1
1641417536906388612,8,1,4.62,5
1641417536907331069,8,1,4.63,1
1641430740692361279,8,1,4.62,5
1641459600038277362,8.1,1,0,0
1641459600061896289,8.1,1,4.08,1
1641470433716369752,8,1,4.62,5
1641478147143030778,7.54,1,4.62,5
1641478209244301116,7.95,1,4.62,5
1641478209244340136,7.53,1,4.62,5
1641478209245539773,8,1,4.62,5
1641478809247100895,7.54,1,4.62,5
1641478809325405224,7.53,1,4.62,5
1641478871348800495,7.52,1,4.62,5
1641478933450298816,7.55,1,4.62,5
1641478933450339298,7.51,1,4.62,5
1641478933564665416,7.5,1,4.62,5
1641478995551742471,7.49,1,4.62,5
1641479057653562910,7.55,1,4.62,5
1641479057653604431,7.48,1,4.62,5
1641479057767089603,7.47,1,4.62,5
1641479119754975011,7.46,1,4.62,5
1641479181856312269,7.55,2,4.62,5
1641479181856353307,7.45,1,4.62,5
1641479181970397051,7.44,1,4.62,5
1641479401565544953,7.55,2,4.62,5
1641479402053189228,7.43,14,4.62,5
1641479402337945053,5.15,10,4.62,5
1641479402338079673,5.15,10,4.62,5
1641479402338225973,5.15,11,4.62,5
1641479402339690507,5.13,2,4.62,5
1641479414448924018,5.12,1,4.62,5
1641479414450540613,5.1,2,4.62,5
1641479424914148720,5.1,2,4.63,1
1641479432604888325,5.14,1,4.63,1
1641479432605319438,5.09,1,4.63,1
1641479439200747292,5.07,2,4.63,1
1641479442144789975,5.11,1,4.63,1
1641479442145198669,5.06,1,4.63,1
1641479449203571447,5.04,2,4.63,1
1641479451666856821,5.08,1,4.63,1
1641479451666937560,5.15,11,4.63,1
1641479451667117778,5.03,1,4.63,1
1641479471649787202,5.03,1,4.62,5
1641479471650838240,5.03,1,4.63,1
1641479471651217797,5.01,2,4.63,1
1641479471652584308,5.03,1,4.63,1
1641479505862365875,5.03,1,4.62,5
1641479505863138483,5.01,2,4.62,5
1641479514505515329,5.05,1,4.62,5
1641479514505592312,5.15,11,4.62,5
1641479514505887765,5,1,4.62,5
1641479648370411804,4.99,14,4.62,5
1641479656470648637,4.98,1,4.62,5
1641479958741314582,4.97,11,4.62,5
1641479959961620517,4.96,1,4.62,5
1641480102483493953,4.96,1,4.65,5
1641480342920869825,4.96,1,4.65,10
1641480492113651399,4.96,2,4.65,10
1641480862053379559,4.96,1,4.65,10
1641480865170007692,4.95,1,4.65,10
1641480865174992131,4.95,2,4.65,10
1641481200134503540,4.95,1,4.65,10
1641481766735266817,4.97,11,4.65,10
1641481767971770028,4.96,1,4.65,10
1641482676271174436,4.97,11,4.65,10
1641482683448365881,4.96,1,4.65,10
1641483585689669432,4.97,11,4.65,10
1641483590989335288,4.96,1,4.65,10
1641484492732748948,4.97,11,4.65,10
1641484504978333845,4.96,1,4.65,10
1641485215784203801,4.96,1,4.66,1
1641485405918220086,4.97,11,4.66,1
1641485414567766592,4.96,1,4.66,1
1641485967081432712,4.96,1,4.65,10
1641485967155119029,4.96,1,4.67,1
1641486007263265014,4.96,1,4.66,8
1641486318351759237,4.97,11,4.65,10
1641486336613226194,4.96,1,4.65,10
1641487241170504540,4.96,1,4.66,10
1641488144652068800,4.95,1,4.66,2
1641488150681945998,4.94,1,4.66,7
1641489053884461937,4.95,1,4.66,7
1641489060129821112,4.94,1,4.66,7
1641489963178068798,4.95,1,4.66,7
1641489963250555975,4.95,1,4.66,1
1641489963252686769,4.94,7,4.66,1
1641489964944561235,4.93,1,4.66,1
1641490866602384629,4.94,7,4.66,1
1641490866609972328,4.94,7,4.66,7
1641490868897215701,4.93,1,4.66,7
1641491780306562321,4.94,7,4.66,7
1641491780317883727,4.94,7,4.66,2
1641491785081663418,4.93,1,4.66,2
1641492685234119830,4.94,7,4.67,1
1641492691062172076,4.93,1,4.67,1
1641492822007429424,4.93,1,4.67,6
1641493591636182609,4.94,7,4.67,6
1641493593988209377,4.93,1,4.67,6
1641493722013481588,4.93,1,4.67,4
1641494422309444367,4.93,1,4.67,6
1641494495073034032,4.94,7,4.67,6
1641494498539193237,4.93,1,4.67,6
1641495409086087557,4.94,7,4.67,6
1641495411266020943,4.93,1,4.67,6
1641495664835691922,4.93,1,4.68,4
1641495664845978977,4.93,1,4.69,4
1641495762006942291,4.93,1,4.69,1
1641496312798089411,4.94,7,4.69,1
1641497221318387174,4.94,7,4.7,1
1641497222708794498,4.93,1,4.7,1
1641498124323204884,4.94,7,4.7,1
1641499933225362958,4.93,1,4.71,1
1641499937352648385,4.92,1,4.71,1
1641500082012808180,4.91,3,4.71,1
1641500082017218591,4.91,4,4.71,1
1641500092911919193,4.9,1,4.71,1
1641500993777495701,4.91,4,4.71,1
1641500996123630285,4.9,1,4.71,1
1641501000837039404,4.87,1,4.71,1
1641501000840426526,4.9,1,4.71,1
1641501000840494956,4.87,2,4.71,1
1641501004559520730,4.86,1,4.71,1
1641501004560559659,4.85,1,4.71,1
1641501004563742866,4.86,1,4.71,1
1641501010832197273,4.84,1,4.71,1
1641501010834690069,4.86,1,4.71,1
1641501010844198452,4.86,2,4.71,1
1641501020832154060,4.84,1,4.71,1
1641501020835070712,4.86,2,4.71,1
1641501030831902139,4.84,1,4.71,1
1641501030834800862,4.86,2,4.71,1
1641501075240627478,4.84,1,4.71,1
1641501079612501124,4.83,1,4.71,1
1641501090619182545,4.82,2,4.71,1
1641501091669403511,4.81,1,4.71,1
1641501342007357099,4.81,2,4.71,1
1641501602624969544,4.81,2,4.68,4
1641501602631417601,4.81,1,4.68,4
1641501694579223601,4.81,1,4.68,1
1641501999790610677,4.84,1,4.68,5
1641501999790947829,4.88,2,4.68,5
1641501999791060409,4.88,1,4.68,5
1641501999791671426,4.92,1,4.68,5
1641502801283797091,4.96,1,4.66,1
1641503254739246687,4.96,1,4.67,1
1641503255008079116,4.96,1,4.66,1
1641503255141739751,4.96,1,4.67,1
1641503879350258202,4.96,1,4.66,1
1641503879351224295,4.96,1,4.68,1
1641503879607589213,4.96,1,4.66,1
1641503879752298387,4.96,1,4.68,1
1641504477612289857,4.96,1,4.66,1
1641504477613303184,4.96,1,4.69,1
1641504477844322487,4.96,1,4.66,1
1641504477977765840,4.96,1,4.69,1
1641505070726232572,4.96,1,4.66,1
1641505070727363497,4.96,1,4.7,1
1641505070831638268,4.96,1,4.66,1
1641505071221331400,4.96,1,4.67,1
1641505667619160162,4.96,1,4.66,1
1641505667620061337,4.96,1,4.67,1
1641517141331250327,4.96,1,4.62,5
1641546000041581928,8.1,1,0,0
1641546000041582057,8,1,0,0
1641565800389630126,4.96,1,4.68,4
1641565800389638461,4.96,1,4.68,4
1641565843218815680,4.95,1,4.69,1
1641565846510421935,4.95,1,4.68,4
1641565848929449808,4.95,1,4.7,1
1641565852528692511,4.95,1,4.68,4
1641566096091059917,4.95,1,4.69,1
1641566096283791612,4.95,1,4.68,4
1641566096466950572,4.95,1,4.7,1
1641566118650228916,4.95,1,4.68,4
1641566118650916912,4.95,1,4.7,1
1641566137358988500,4.95,1,4.68,3
1641566138242527405,4.95,1,4.7,1
1641566138425588147,4.95,1,4.68,3
1641566148066774880,4.95,1,4.69,1
1641566148392270119,4.95,1,4.68,3
1641566148714614137,4.95,1,4.69,1
1641566148898824060,4.95,1,4.68,3
1641566149220529084,4.95,1,4.69,1
1641566149370234073,4.95,1,4.68,3
1641566149727864227,4.95,1,4.69,1
1641566149892131629,4.95,1,4.68,3
1641566150226406535,4.95,1,4.69,1
1641566150429968153,4.95,1,4.68,3
1641566150754127691,4.95,1,4.69,1
1641566150901011626,4.95,1,4.68,3
1641566151232360004,4.95,1,4.69,1
1641566151397451976,4.95,1,4.68,3
1641566151751311996,4.95,1,4.69,1
1641566151966717513,4.95,1,4.68,3
1641566152252503150,4.95,1,4.69,1
1641566152362378918,4.95,1,4.68,3
1641566156996159209,4.95,1,4.69,1
1641566157291384041,4.95,1,4.68,3
1641566157682499532,4.95,1,4.69,1
1641566157815348843,4.95,1,4.68,3
1641566158089015014,4.95,1,4.69,1
1641566158243484517,4.95,1,4.68,3
1641566158642937162,4.95,1,4.69,1
1641566158832369017,4.95,1,4.68,3
1641566159164167756,4.95,1,4.69,1
1641566159324025335,4.95,1,4.68,3
1641566159794872508,4.95,1,4.69,1
1641566160040688928,4.95,1,4.68,3
1641566160413789751,4.95,1,4.69,1
1641566160557696957,4.95,1,4.68,3
1641566160890568174,4.95,1,4.69,1
1641566161105497352,4.95,1,4.68,3
1641566161438015931,4.95,1,4.69,1
1641566161617558392,4.95,1,4.68,3
1641566161911789391,4.95,1,4.69,1
1641566162051208569,4.95,1,4.68,3
1641566162411701936,4.95,1,4.69,1
1641566162532721650,4.95,1,4.68,3
1641566162877143691,4.95,1,4.69,1
1641566174842328671,4.95,1,4.68,3
1641566175148100196,4.95,1,4.69,1
1641566177317186438,4.95,1,4.68,3
1641566182406651517,4.95,1,4.69,1
1641566185392753610,4.95,1,4.68,3
1641566196007026671,4.95,1,4.69,1
1641566196453059766,4.95,1,4.68,3
1641566214563462076,4.95,1,4.69,1
1641566214824435502,4.95,1,4.68,3
1641566234801250524,4.95,1,4.69,1
1641566234985854420,4.95,1,4.68,3
1641566721994797927,4.96,1,4.68,3
1641566723251320676,4.96,1,4.69,5
1641566862006212025,4.94,1,4.69,2
1641567632226747946,4.95,5,4.69,2
1641567635495232755,4.94,1,4.69,2
1641567810453804574,4.94,1,4.75,3
1641567810453805546,4.94,2,4.75,3
1641567816506793522,4.94,2,4.75,1
1641567816510656632,4.94,2,4.71,1
1641567816510787965,4.94,2,4.69,2
1641567816513847105,4.93,2,4.69,2
1641567828197076251,4.92,1,4.69,2
1641568724667976981,4.92,1,4.69,1
1641568724668035475,4.92,1,4.68,1
1641569034098254241,4.9,2,4.65,5
1641569437474004520,4.89,4,4.65,5
1641569449016118207,4.88,1,4.65,5
1641570349242480416,4.89,4,4.65,5
1641570350759415982,4.88,1,4.65,5
1641570515581164897,4.88,1,4.65,1
1641570515581335172,4.88,1,4.62,5
1641571251813812840,4.89,4,4.62,5
1641571254901389378,4.89,4,4.63,1
1641571255154429513,4.88,1,4.63,1
1641571255758291786,4.88,1,4.62,5
1641571309225915314,4.88,1,4.63,1
1641571314957015426,4.88,1,4.62,5
1641571395668187134,4.88,1,4.63,1
1641571395668527130,4.88,1,4.62,5
1641572156001917550,4.89,4,4.62,5
1641572157818035418,4.88,1,4.62,5
1641572157825726757,4.87,4,4.62,5
1641572180158869778,4.86,1,4.62,5
1641577010170191611,4.85,2,4.65,5
1641577590934862926,4.85,2,4.66,4
1641577590935803886,4.85,1,4.66,4
1641577611792228847,4.89,1,4.66,4
1641577611792559886,4.91,2,4.66,4
1641577611792577332,4.92,1,4.66,4
1641577612498233810,4.84,1,4.66,1
1641577782006985663,4.83,2,4.66,1
1641577786433752185,4.82,1,4.66,1
1641578233010918747,4.82,1,4.65,5
1641579228617066446,4.8,1,4.65,5
1641579228618209176,4.81,2,4.65,5
1641580288731361589,4.79,2,4.68,1
1641580288731376075,4.79,2,4.68,2
1641580288735145611,4.82,1,4.68,2
1641580288735465180,4.82,1,4.68,3
1641580288735468886,4.83,2,4.68,3
1641580288735481350,4.86,1,4.68,3
1641580288735720924,4.86,2,4.68,3
1641580288735741444,4.86,4,4.68,3
1641580288735768129,4.86,6,4.68,3
1641580288736887378,4.86,6,4.68,2
1641580288737211755,4.86,6,4.68,1
1641580288741360359,4.86,6,4.68,1
1641580288741437558,4.86,6,4.65,5
1641580288796662896,4.86,5,4.85,9
1641580288796842048,4.86,5,4.65,5
1641580289035741634,4.86,1,4.65,5
1641580289036089762,4.89,1,4.65,5
1641580589957638011,4.88,7,4.71,1
1641580589957925162,4.88,7,4.71,2
1641580589958877329,4.88,7,4.75,1
1641580589959924105,4.88,7,4.71,2
1641580589963029158,4.88,7,4.71,1
1641580589967936991,4.88,7,4.71,1
1641580600630518061,4.87,1,4.71,1
1641580738738789085,4.86,3,4.71,1
1641580741048920876,4.86,3,4.68,1
1641580741049237183,4.86,3,4.66,2
1641580741049305513,4.86,3,4.66,1
1641580741049332113,4.86,3,4.65,5
1641580800035139355,4.85,2,4.66,6
1641581108950807616,4.84,6,4.66,1
1641581112526485498,4.83,1,4.66,1
1641582013292450228,4.84,6,4.66,1
1641582014480501893,4.83,1,4.66,1
1641582920941195627,4.84,6,4.66,1
1641582925810559702,4.83,1,4.66,1
1641583841903169542,4.84,6,4.66,1
1641583843122959859,4.83,1,4.66,1
1641584745611476715,4.84,6,4.66,1
1641584749111909189,4.83,1,4.66,1
1641585650243176445,4.84,6,4.66,1
1641585651864726782,4.83,1,4.66,1
1641586552684329039,4.84,6,4.66,1
1641586553414963746,4.83,1,4.66,1
1641586744508455558,4.84,6,4.66,1
1641586744509607911,4.83,1,4.7,1
1641586744514508709,4.83,1,4.65,5
1641587318949503643,4.74,3,4.65,5
1641587318951844039,4.83,1,4.65,5
1641587381546359747,4.84,6,4.67,1
1641587381547011174,4.84,6,4.71,1
1641587381547049078,4.83,1,4.71,1
1641587381547053884,4.84,6,4.71,1
1641587381551793304,4.84,6,4.65,5
1641587400681404184,4.82,1,4.65,5
1641587401430654144,4.84,6,4.65,5
1641587401729620973,4.81,1,4.65,5
1641587404860781000,4.84,6,4.65,5
1641587404861474864,4.82,1,4.65,5
1641587404862040426,4.84,6,4.65,5
1641587410675640441,4.79,1,4.65,5
1641587411549655576,4.84,6,4.65,5
1641589053718781589,4.83,1,4.65,1
1641589191670155913,4.84,6,4.68,1
1641589191670178356,4.84,6,4.69,2
1641589191670186750,4.84,6,4.69,3
1641589191675282311,4.84,6,4.69,1
1641589191680269891,4.84,6,4.69,1
1641589191680302447,4.84,6,4.65,5
1641589191689113399,4.84,6,4.65,6
1641589200024082527,4.84,6,4.65,6
1641589200056739275,4.84,6,4.65,5
1641589200903225433,4.96,1,4.62,5
1641589680124443074,4.96,1,4.63,1
1641589680376953700,4.96,1,4.62,5
1641589680514162110,4.96,1,4.63,1
1641590178440819513,4.96,1,4.62,5
1641590178441655194,4.96,1,4.64,1
1641590178563990080,4.96,1,4.62,5
1641590178695762562,4.96,1,4.64,1
1641590726094826515,4.96,1,4.62,5
1641590726095626636,4.96,1,4.65,1
1641590726120425605,4.96,1,4.62,5
1641590726262794099,4.96,1,4.65,1
1641591282665742483,4.96,1,4.62,5
1641591282666506216,4.96,1,4.66,1
1641591282882990637,4.96,1,4.62,5
1641591283026630300,4.96,1,4.66,1
1641591827295649647,4.96,1,4.62,5
1641591827296575697,4.96,1,4.67,1
1641591827557156977,4.96,1,4.62,5
1641591827674805118,4.96,1,4.67,1
1641592372750454532,4.96,1,4.62,5
1641592372751142040,4.96,1,4.68,1
1641592372824605536,4.96,1,4.62,5
1641592372976539481,4.96,1,4.68,1
1641592924275376457,4.96,1,4.62,5
1641592924280171580,4.96,1,4.69,1
1641592924353906763,4.96,1,4.62,5
1641592924492428673,4.96,1,4.69,1
1641593472396376676,4.96,1,4.62,5
1641593472397081795,4.96,1,4.7,1
1641593472569786867,4.96,1,4.62,5
1641593472921730732,4.96,1,4.63,1
1641594019601263225,4.96,1,4.62,5
1641594019602284261,4.96,1,4.63,1
1641603541052569029,4.96,1,4.62,5
1641805200042342287,8,1,0,0
1641816038911634189,4.96,1,4.62,5
1641822640618546179,4.96,1,4.63,1
1641825001441550996,4.96,1,4.75,4
1641825001441557699,4.96,1,4.75,4
1641825013242825939,4.95,1,4.75,4
1641825286845139256,4.93,1,4.75,4
1641826048517589582,4.93,1,4.75,3
1641826187941915524,4.94,4,4.75,3
1641826189172255079,4.93,1,4.75,3
1641826248977568460,4.79,2,4.75,3
1641826261195256459,4.79,3,4.75,3
1641826451720978640,4.79,1,4.75,3
1641826451730635800,4.78,2,4.75,3
1641826461573951189,4.77,2,4.75,3
1641826484011566893,4.77,2,4.75,2
1641826484011637137,4.77,2,4.75,1
1641826484011670269,4.77,2,4.71,1
1641826484012003943,4.77,2,4.7,2
1641826484012028235,4.77,2,4.68,1
1641826484012115572,4.77,2,4.7,1
1641826484012348784,4.77,2,4.68,1
1641826484014075204,4.77,2,4.68,1
1641826484014183896,4.77,2,4.66,1
1641826484019411574,4.75,4,4.66,1
1641826484035325782,4.75,4,4.62,5
1641826490984818324,4.74,1,4.62,5
1641827193252937114,4.74,1,4.62,5
1641827193278616295,4.72,2,4.62,5
1641827195172559204,4.71,1,4.62,5
1641827322005163927,4.7,2,4.62,5
1641827440623372201,4.69,1,4.62,5
1641828344687772880,4.69,1,4.62,5
1641828344688126415,4.7,2,4.62,5
1641828345489388248,4.69,1,4.62,5
1641829246319883846,4.69,1,4.62,5
1641829246320239601,4.7,2,4.62,5
1641829250425601659,4.69,1,4.62,5
1641829646290446446,4.67,1,4.62,5
1641830547478285024,4.67,1,4.62,5
1641830547478627815,4.68,2,4.62,5
1641830549825315178,4.67,1,4.62,5
1641831452872109929,4.68,2,4.62,5
1641831453937692505,4.67,1,4.62,5
1641832363970347308,4.67,1,4.62,5
1641832363970708243,4.71,1,4.62,5
1641832363970830728,4.74,2,4.62,5
1641832363970926032,4.74,1,4.62,5
1641832363970960042,4.75,2,4.62,5
1641832363971160251,4.74,2,4.62,5
1641832363977883551,4.71,2,4.62,5
1641832375378697094,4.7,1,4.62,5
1641832585510670665,4.69,2,4.62,5
1641832590076212579,4.68,1,4.62,5
1641832647554530918,4.68,1,4.65,20
1641833474849116513,4.68,1,4.65,14
1641833474849129844,4.68,1,4.65,11
1641833474849364886,4.68,1,4.65,10
1641833483857554839,4.7,2,4.65,10
1641833483857597560,4.68,1,4.65,10
1641833499128489070,4.68,1,4.65,10
1641833499128848963,4.69,2,4.65,10
1641833499340584822,4.68,1,4.65,10
1641833628373057795,4.68,1,4.65,10
1641833628373405526,4.68,1,4.65,10
1641834400552447450,4.68,1,4.65,10
1641834400552793862,4.71,1,4.65,10
1641834400552935834,4.75,2,4.65,10
1641834400563715492,4.7,2,4.65,10
1641834404532207105,4.69,1,4.65,10
1641834867060733935,4.7,2,4.65,10
1641834867060776141,4.69,1,4.65,10
1641834867062056193,4.69,1,4.65,10
1641834867140249550,4.69,1,4.65,10
1641835306802817900,4.69,1,4.65,10
1641835306803160534,4.7,2,4.65,10
1641835313266570920,4.69,1,4.65,10
1641835449648900962,4.69,1,4.65,10
1641835794275655632,4.69,1,4.65,10
1641836217470600800,4.69,1,4.65,10
1641836217470949855,4.7,2,4.65,10
1641836218803528197,4.69,1,4.65,10
1641836796525735976,4.69,1,4.65,10
1641836796537283551,4.69,1,4.65,10
1641836801525496234,4.69,1,4.65,10
1641836801536549620,4.69,1,4.65,10
1641836806245087561,4.69,1,4.65,10
1641836806526808844,4.69,1,4.65,10
1641836811525499167,4.69,1,4.65,10
1641836816536287127,4.69,1,4.65,10
1641836821525560927,4.69,1,4.65,10
1641836821525994851,4.69,1,4.65,10
1641836821982986322,4.69,1,4.65,10
1641836826526159354,4.69,1,4.65,10
1641836827033293915,4.69,1,4.65,10
1641836831526497892,4.69,1,4.65,10
1641836832107142531,4.69,1,4.65,10
1641836836526607637,4.69,1,4.65,10
1641836838660695944,4.69,1,4.65,10
1641836838672304687,4.69,1,4.65,10
1641836848603640689,4.69,1,4.65,10
1641836848614626459,4.69,1,4.65,10
1641836861404165151,4.69,1,4.65,10
1641836861404927153,4.69,1,4.65,10
1641836877404666528,4.69,1,4.65,10
1641836877405456785,4.69,1,4.65,10
1641836893405019271,4.69,1,4.65,10
1641836893405838687,4.69,1,4.65,10
1641836916525592669,4.69,1,4.65,10
1641836916526507139,4.69,1,4.65,10
1641836927861000425,4.69,1,4.65,10
1641836931526488958,4.69,1,4.65,10
1641836943861241509,4.69,1,4.65,10
1641836943872938056,4.69,1,4.65,10
1641836966525788327,4.69,1,4.65,10
1641836966526891539,4.69,1,4.65,10
1641836977529044408,4.69,1,4.65,10
1641836991537037681,4.69,1,4.65,10
1641836993529451621,4.69,1,4.65,10
1641836993540701075,4.69,1,4.65,10
1641837009528765923,4.69,1,4.65,10
1641837009540368207,4.69,1,4.65,10
1641837025529224174,4.69,1,4.65,10
1641837036537217969,4.69,1,4.65,10
1641837046001374785,4.69,1,4.65,10
1641837046537075568,4.69,1,4.65,10
1641837062002194505,4.69,1,4.65,10
1641837062013177974,4.69,1,4.65,10
1641837079062711576,4.69,1,4.65,10
1641837081527220346,4.69,1,4.65,10
1641837101525905674,4.69,1,4.65,10
1641837101526415158,4.69,1,4.65,10
1641837121525839959,4.69,1,4.65,10
1641837121526655624,4.69,1,4.65,10
1641837136841834307,4.69,1,4.65,10
1641837136842179092,4.7,2,4.65,10
1641837139516915286,4.69,1,4.65,10
1641837146525773164,4.69,1,4.65,10
1641837156526884116,4.69,1,4.65,10
1641837166525866595,4.69,1,4.65,10
1641837166526706920,4.69,1,4.65,10
1641837240633458720,4.7,2,4.65,10
1641837240633502406,4.69,1,4.65,10
1641837240634014410,4.7,2,4.65,10
1641837274680924507,4.7,1,4.65,10
1641837274680959250,4.71,3,4.65,10
1641837274691379411,4.74,1,4.65,10
1641837274691733607,4.75,2,4.65,10
1641837274702852267,4.75,3,4.65,10
1641837402613962874,4.75,2,4.65,10
1641837915546482757,4.74,2,4.65,10
1641837986716454777,4.73,1,4.65,10
1641838484560605694,4.72,1,4.65,10
1641838485386018882,4.71,1,4.65,10
1641839386457166930,4.74,5,4.65,10
1641839388344914262,4.73,1,4.65,10
1641840289410666877,4.74,5,4.65,10
1641840290793527127,4.73,1,4.65,10
1641841193193998815,4.74,5,4.65,10
1641841193472628186,4.73,1,4.65,10
1641842095846175705,4.74,5,4.65,10
1641842097365497013,4.73,1,4.65,10
1641843017958182174,4.74,5,4.65,10
1641843018958413084,4.73,1,4.65,10
1641843919936849993,4.74,3,4.65,10
1641843919954755619,4.73,2,4.65,10
1641843923483610837,4.72,1,4.65,10
1641844378655831002,4.73,2,4.65,10
1641844378655876375,4.72,1,4.65,10
1641844378655884401,4.73,2,4.65,10
1641844381010865674,4.74,3,4.65,10
1641844381020534393,4.75,2,4.65,10
1641844482004161992,4.74,2,4.65,10
1641844482010626261,4.75,2,4.65,10
1641844662013735822,4.74,2,4.65,10
1641847175458269665,4.75,2,4.65,10
1641847283496327489,4.75,2,4.62,5
1641847283508102412,4.75,2,4.65,10
1641847569908431612,4.75,1,4.65,10
1641847572912870306,4.79,3,4.65,10
1641847572913006665,4.82,1,4.65,10
1641848398317213037,4.82,1,4.65,12
1641848400020863067,4.85,1,4.65,12
1641848400454432999,4.96,1,4.65,12
1641848400459094650,4.96,1,4.65,2
1641848400459097840,4.96,1,4.65,1
1641848400459097931,4.96,1,4.64,1
1641848400463860226,4.96,1,4.62,5
1641848400642696827,4.96,1,4.4,1
1641848400643458059,4.96,1,4.4,1
1641848400643466546,4.96,1,4.32,1
1641848400643516762,4.96,1,4.62,5
1641848411106567208,4.96,1,4.63,1
1641862742177354398,4.96,1,4.62,5
1641891600036518175,8.1,1,0,0
1641895536246586675,4.96,1,4.09,1
1641902434593177271,4.96,1,4.62,5
1641902435016021613,4.96,1,4.63,1
1641909777490410397,4.96,1,4.62,5
1641909825266975229,4.96,1,4.63,1
1641910382000344998,4.95,1,4.62,5
1641910382000379364,4.96,1,4.62,5
1641910382413058171,4.95,1,4.62,5
1641910382501206871,4.96,1,4.64,1
1641911401583696269,4.96,1,4.64,1
1641911408788999822,4.95,13,4.64,1
1641911408789421896,4.95,13,4.62,5
1641911423466176805,4.95,13,4.65,1
1641911423466592532,4.95,13,4.62,5
1641911742882100652,4.94,1,4.66,1
1641911743006347193,4.94,1,4.64,1
1641911743154165875,4.94,1,4.67,1
1641912645763510080,4.95,13,4.67,1
1641912646074855799,4.95,13,4.63,1
1641912646075204371,4.95,13,4.62,5
1641912647003218863,4.94,1,4.68,1
1641913550585171100,4.95,13,4.68,1
1641913662006349094,4.94,1,4.64,1
1641913662006687100,4.94,1,4.62,5
1641914459808842697,4.94,1,4.66,1
1641915363420599603,4.95,13,4.66,1
1641915364787140607,4.94,1,4.67,1
1641916266931590083,4.95,13,4.67,1
1641916267741839227,4.94,1,4.68,1
1641917174768251398,4.95,13,4.68,1
1641917175188623458,4.96,1,4.69,1
1641917178750609247,4.94,6,4.69,1
1641917190119111263,4.94,6,4.65,1
1641917190131223062,4.94,6,4.64,10
1641917191666778971,4.93,1,4.66,1
1641917833548938331,4.92,7,4.62,5
1641917833784650734,4.92,7,4.62,5
1641917842646265281,4.91,1,4.66,1
1641918743930470871,4.92,7,4.66,1
1641918744108253650,4.92,7,4.62,5
1641919646256915327,4.92,7,4.63,1
1641919646257257230,4.92,7,4.62,5
1641919657109843886,4.91,1,4.64,1
1641919984038841428,4.91,1,4.71,10
1641920142006764966,4.9,3,4.71,10
1641920142006807533,4.9,4,4.71,10
1641920143268476330,4.89,1,4.71,10
1641921061954389673,4.9,4,4.71,10
1641921074152967090,4.89,1,4.71,10
1641921982058699289,4.9,4,4.71,10
1641921988969606825,4.89,1,4.71,10
1641922889696991353,4.9,4,4.71,10
1641922891683555372,4.89,1,4.71,10
1641923255314804962,4.89,1,4.71,3
1641923341064436140,4.89,1,4.71,2
1641923341064906883,4.89,1,4.71,4
1641923357480544197,4.89,1,4.67,1
1641923357480716686,4.89,1,4.66,2
1641923357480732077,4.89,1,4.64,1
1641923357480892221,4.71,1,4.64,1
1641923358457836708,4.74,1,4.67,1
1641923358457858609,4.74,1,4.68,1
1641923359206773690,4.74,1,4.67,1
1641923359236624139,4.78,1,4.67,1
1641923359236695208,4.78,1,4.67,1
1641923360490489492,4.74,1,4.67,1
1641923363525196329,4.74,1,4.67,1
1641923363525536733,4.76,2,4.67,1
1641923363525551121,4.78,1,4.67,1
1641923363525658116,4.78,1,4.63,1
1641923363525985540,4.78,1,4.62,5
1641923363526175297,4.78,1,4.62,5
1641923363526201833,4.78,1,4.63,2
1641923363526276670,4.9,3,4.63,2
1641923363826259518,4.9,6,4.63,1
1641923363826461849,4.9,4,4.63,1
1641923363826476549,4.9,2,4.63,1
1641923363826596640,4.9,2,4.63,1
1641923430359196088,4.88,1,4.65,1
1641923774239426880,4.71,1,4.66,3
1641923923303892204,4.71,1,4.66,3
1641924056100578621,4.71,1,4.63,1
1641924056100916942,4.71,1,4.62,5
1641924719367972873,4.71,1,4.62,5
1641924721950633025,4.7,1,4.62,5
1641925146296780087,4.7,2,4.62,5
1641925622752602778,4.7,1,4.62,5
1641925624255849090,4.69,1,4.62,5
1641925858535306715,4.69,1,4.62,5
1641925858547514698,4.71,1,4.62,5
1641926159993113394,4.71,1,4.63,1
1641927061281965246,4.71,1,4.62,5
1641927066209630187,4.71,1,4.63,1
1641927842593370105,4.71,1,4.63,1
1641927986103951745,4.71,1,4.62,5
1641927986734947099,4.71,1,4.63,1
1641928887996641133,4.71,1,4.62,5
1641928888716675437,4.7,2,4.62,5
1641928889724634400,4.7,2,4.63,1
1641928914357432288,4.7,2,4.63,2
1641928914357853766,4.7,2,4.63,1
1641928919366837708,4.7,2,4.63,2
1641928919367115618,4.7,2,4.63,1
1641928934367106648,4.7,2,4.63,2
1641928934367382726,4.7,2,4.63,1
1641928939367316050,4.7,2,4.63,2
1641928939367605361,4.7,2,4.63,1
1641928944367335648,4.7,2,4.63,2
1641928944367602496,4.7,2,4.63,1
1641928949367565571,4.7,2,4.63,2
1641928949367849185,4.7,2,4.63,1
1641928964659181713,4.7,2,4.63,2
1641928964659453225,4.7,2,4.63,1
1641928977366428176,4.7,2,4.63,2
1641928977366703740,4.7,2,4.63,1
1641928984357247609,4.7,2,4.63,2
1641928989355009941,4.7,2,4.63,1
1641928994367600677,4.7,2,4.63,2
1641928994367864638,4.7,2,4.63,1
1641929089357705816,4.7,2,4.63,2
1641929089358128101,4.7,2,4.63,1
1641929114357832954,4.7,2,4.63,2
1641929114358255203,4.7,2,4.63,1
1641929179357892646,4.7,2,4.63,2
1641929179358314662,4.7,2,4.63,1
1641929279358152440,4.7,2,4.63,2
1641929279358573668,4.7,2,4.63,1
1641929319358148445,4.7,2,4.63,2
1641929319358570001,4.7,2,4.63,1
1641929324358144275,4.7,2,4.63,2
1641929329355678830,4.7,2,4.63,1
1641929369358623719,4.7,2,4.63,2
1641929369358890474,4.7,2,4.63,1
1641929404357915147,4.7,2,4.63,2
1641929404358337319,4.7,2,4.63,1
1641929409358353456,4.7,2,4.63,2
1641929409358512101,4.7,2,4.63,1
1641929419358264908,4.7,2,4.63,2
1641929419358688263,4.7,2,4.63,1
1641929444358312702,4.7,2,4.63,2
1641929444358734882,4.7,2,4.63,1
1641929464358315806,4.7,2,4.63,2
1641929464358740616,4.7,2,4.63,1
1641929499358285653,4.7,2,4.63,2
1641929499358712856,4.7,2,4.63,1
1641929504391289118,4.7,2,4.63,2
1641929504393082379,4.7,2,4.63,1
1641929514358306841,4.7,2,4.63,2
1641929514358728678,4.7,2,4.63,1
1641929559358658771,4.7,2,4.63,2
1641929559359080620,4.7,2,4.63,1
1641929584358559994,4.7,2,4.63,2
1641929584358980598,4.7,2,4.63,1
1641929599358552294,4.7,2,4.63,2
1641929599358971737,4.7,2,4.63,1
1641929619358877197,4.7,2,4.63,2
1641929619359298675,4.7,2,4.63,1
1641929659358574435,4.7,2,4.63,2
1641929659358995018,4.7,2,4.63,1
1641929664359448018,4.7,2,4.63,2
1641929664359870272,4.7,2,4.63,1
1641929709358689709,4.7,2,4.63,2
1641929709359112302,4.7,2,4.63,1
1641929789358835486,4.7,2,4.63,2
1641929789359255437,4.7,2,4.63,1
1641929792691337701,4.7,2,4.63,1
1641929793880529992,4.7,2,4.64,1
1641930698550520156,4.7,2,4.64,1
1641930698550740839,4.7,2,4.62,5
1641930703307260163,4.7,2,4.63,1
1641930704359773474,4.7,2,4.63,2
1641930704360198228,4.7,2,4.63,1
1641930754359861633,4.7,2,4.63,2
1641930754360282566,4.7,2,4.63,1
1641930814359751430,4.7,2,4.63,2
1641930814360170108,4.7,2,4.63,1
1641930824359743603,4.7,2,4.63,2
1641930824360164595,4.7,2,4.63,1
1641930834359864066,4.7,2,4.63,2
1641930834360283123,4.7,2,4.63,1
1641930859359777136,4.7,2,4.63,2
1641930859360197515,4.7,2,4.63,1
1641930894359835453,4.7,2,4.63,2
1641930894360255363,4.7,2,4.63,1
1641930909359902412,4.7,2,4.63,2
1641930909360332246,4.7,2,4.63,1
1641930924359875494,4.7,2,4.63,2
1641930924360294737,4.7,2,4.63,1
1641930949359858991,4.7,2,4.63,2
1641930949360277222,4.7,2,4.63,1
1641930969360000194,4.7,2,4.63,2
1641930969360419129,4.7,2,4.63,1
1641930989358959026,4.7,2,4.63,2
1641930994357462453,4.7,2,4.63,1
1641930999137137332,4.7,2,4.63,2
1641931004357428748,4.7,2,4.63,1
1641931044360209368,4.7,2,4.63,2
1641931044360631977,4.7,2,4.63,1
1641931064360150476,4.7,2,4.63,2
1641931064360572059,4.7,2,4.63,1
1641931079360276039,4.7,2,4.63,2
1641931079360696521,4.7,2,4.63,1
1641931089360287281,4.7,2,4.63,2
1641931089360706758,4.7,2,4.63,1
1641931104360249148,4.7,2,4.63,2
1641931104360672095,4.7,2,4.63,1
1641931109360236617,4.7,2,4.63,2
1641931114357523800,4.7,2,4.63,1
1641931134360218563,4.7,2,4.63,2
1641931134360638416,4.7,2,4.63,1
1641931169360509145,4.7,2,4.63,2
1641931169360929805,4.7,2,4.63,1
1641931209360841134,4.7,2,4.63,2
1641931209361262765,4.7,2,4.63,1
1641931224360617419,4.7,2,4.63,2
1641931224361039269,4.7,2,4.63,1
1641931244360740504,4.7,2,4.63,2
1641931244361163714,4.7,2,4.63,1
1641931314360823209,4.7,2,4.63,2
1641931314361244714,4.7,2,4.63,1
1641931334360362029,4.7,2,4.63,2
1641931334361245945,4.7,2,4.63,1
1641931344360947437,4.7,2,4.63,2
1641931344361366609,4.7,2,4.63,1
1641931389361092830,4.7,2,4.63,2
1641931389361517890,4.7,2,4.63,1
1641931409361092502,4.7,2,4.63,2
1641931409361512574,4.7,2,4.63,1
1641931484361132303,4.7,2,4.63,2
1641931484361513643,4.7,2,4.63,1
1641931494361089594,4.7,2,4.63,2
1641931494361512653,4.7,2,4.63,1
1641931524361157603,4.7,2,4.63,2
1641931524361579313,4.7,2,4.63,1
1641931544361130248,4.7,2,4.63,2
1641931544361404674,4.7,2,4.63,1
1641931599361821830,4.7,2,4.63,2
1641931599362243341,4.7,2,4.63,1
1641931607685629636,4.7,2,4.62,5
1641931608997181096,4.7,2,4.64,1
1641931740368639837,4.75,1,4.64,1
1641931740368979276,4.76,2,4.64,1
1641931740368997020,4.78,1,4.64,1
1641931740369023360,4.75,1,4.64,1
1641931740369071286,4.78,1,4.64,1
1641931740369496214,4.78,2,4.64,1
1641931740369510257,4.78,4,4.64,1
1641931740369532061,4.78,5,4.64,1
1641931740469407981,4.78,4,4.64,1
1641931742369413581,4.78,2,4.64,1
1641931742369519044,4.79,1,4.64,1
1641931742389982898,4.78,2,4.64,1
1641931764361789713,4.78,2,4.64,2
1641931764362208964,4.78,2,4.64,1
1641931779361722383,4.78,2,4.64,2
1641931779362141299,4.78,2,4.64,1
1641931788552987859,4.78,2,4.64,1
1641931789358732371,4.78,2,4.64,1
1641931819370972329,4.78,2,4.64,2
1641931819371250076,4.78,2,4.64,1
1641931829361562019,4.78,2,4.64,2
1641931829362064871,4.78,2,4.64,1
1641931834363213851,4.78,2,4.64,2
1641931834363502750,4.78,2,4.64,1
1641931839362834760,4.78,2,4.64,2
1641931839363811244,4.78,2,4.64,1
1641931844362802736,4.78,2,4.64,2
1641931844364104819,4.78,2,4.64,1
1641931849362432709,4.78,2,4.64,2
1641931854358836200,4.78,2,4.64,1
1641931869362520467,4.78,2,4.64,2
1641931869362802634,4.78,2,4.64,1
1641931874363356066,4.78,2,4.64,2
1641931874363639651,4.78,2,4.64,1
1641931884361923696,4.78,2,4.64,2
1641931884362353169,4.78,2,4.64,1
1641931894362067733,4.78,2,4.64,2
1641931894362489672,4.78,2,4.64,1
1641931909363097802,4.78,2,4.64,2
1641931909363381174,4.78,2,4.64,1
1641931919361929485,4.78,2,4.64,2
1641931919362348369,4.78,2,4.64,1
1641931924363065269,4.78,2,4.64,2
1641931924363346342,4.78,2,4.64,1
1641931940382790012,4.78,2,4.64,2
1641931940383062925,4.78,2,4.64,1
1641931949361967554,4.78,2,4.64,2
1641931949362385250,4.78,2,4.64,1
1641931984362170990,4.78,2,4.64,2
1641931984362590736,4.78,2,4.64,1
1641932004362514831,4.78,2,4.64,2
1641932004362943721,4.78,2,4.64,1
1641932034362401894,4.78,2,4.64,2
1641932034362820088,4.78,2,4.64,1
1641932049362655650,4.78,2,4.64,2
1641932049363074101,4.78,2,4.64,1
1641932064362537471,4.78,2,4.64,2
1641932064362956927,4.78,2,4.64,1
1641932144362500792,4.78,2,4.64,2
1641932144362920294,4.78,2,4.64,1
1641932159363954385,4.82,1,4.64,1
1641932159364290723,4.83,2,4.64,1
1641932159364367551,4.83,1,4.64,1
1641932159364420594,4.85,1,4.64,1
1641932159364659238,4.83,2,4.64,1
1641932159364687846,4.83,3,4.64,1
1641932159365039322,4.83,3,4.64,2
1641932159464534341,4.83,2,4.64,2
1641932161364535963,4.83,1,4.64,2
1641932161364886250,4.84,5,4.64,2
1641932161365029902,4.84,5,4.64,1
1641932161365102514,4.84,6,4.64,1
1641932161465135788,4.84,5,4.64,1
1641932255958706046,4.84,5,4.64,1
1641932516266406558,4.84,5,4.65,1
1641932516270859252,4.84,5,4.65,2
1641932735896867453,4.84,5,4.67,5
1641932741857363935,4.84,5,4.68,1
1641932754364598770,4.84,5,4.68,2
1641933000437058089,4.84,3,4.68,2
1641933168423710099,4.84,3,4.67,5
1641933228230105283,4.84,3,4.67,5
1641933228230129127,4.83,1,4.67,5
1641933228231096117,4.68,1,4.67,5
1641933228231495055,4.68,1,4.67,4
1641933228231944801,4.68,1,4.67,3
1641933239148478903,4.68,1,4.67,2
1641933239148500383,4.68,1,4.67,1
1641933239148525217,4.68,1,4.64,1
1641933239148614674,4.68,1,4.62,5
1641933249359330413,4.68,1,4.62,5
1641933249359524135,4.67,1,4.62,5
1641933266078098618,4.68,1,4.62,5
1641933266079030393,4.68,1,4.62,1
1641933660536646501,4.68,1,4.63,35
1641933660536845768,4.71,1,4.63,35
1641933660536986231,4.73,2,4.63,35
1641933660537002584,4.74,1,4.63,35
1641933660537872437,4.78,2,4.63,35
1641933660538505537,4.78,2,4.63,35
1641933660656016343,4.68,2,4.63,35
1641933899940940702,4.72,1,4.63,35
1641933899940974266,4.73,2,4.63,35
1641933899941025539,4.75,1,4.63,35
1641933899941070808,4.72,1,4.63,35
1641933899941113039,4.75,1,4.63,35
1641933899941877848,4.78,1,4.63,35
1641933901942180195,4.78,1,4.63,35
1641934801370861155,4.77,3,4.62,1
1641934801370861239,4.77,2,4.62,1
1641934801370866144,4.77,1,4.62,1
1641934801370866235,4.78,1,4.62,1
1641934801399715273,4.84,1,4.62,1
1641934801427915089,4.94,1,4.62,1
1641934801428678615,4.94,1,4.62,1
1641934801428689082,4.97,1,4.62,1
1641934801456625070,4.99,2,4.62,1
1641934801485988673,4.99,1,4.62,1
1641934801485991190,5.07,1,4.62,1
1641934801516000465,5.1,10,4.62,1
1641934801541922979,5.13,1,4.62,1
1641934801566468381,5.15,10,4.62,1
1641934801591125984,5.37,1,4.62,1
1641934801591638267,5.53,1,4.62,1
1641934801618345273,5.58,1,4.62,1
1641934801638266678,5.6,3,4.62,1
1641934801660687044,5.61,2,4.62,1
1641934801681994767,5.61,1,4.62,1
1641934801682003587,5.62,1,4.62,1
1641934801702730954,5.65,1,4.62,1
1641934801722114975,5.83,1,4.62,1
1641934801722564211,6,1,4.62,1
1641934801758180554,6.02,24,4.62,1
1641934801775725135,6.02,23,4.62,1
1641934801775727892,6.02,22,4.62,1
1641934801775727963,6.02,21,4.62,1
1641934801775731483,6.02,20,4.62,1
1641934801775735964,6.02,19,4.62,1
1641934801775740438,6.02,18,4.62,1
1641934801775740524,6.02,17,4.62,1
1641934801775740629,6.02,16,4.62,1
1641934801775743727,6.02,15,4.62,1
1641934801775748104,6.02,14,4.62,1
1641934801775750740,6.02,13,4.62,1
1641934801775750813,6.02,12,4.62,1
1641934801775753335,6.02,11,4.62,1
1641934801775756398,6.02,10,4.62,1
1641934801775760541,6.02,9,4.62,1
1641934801775760625,6.02,8,4.62,1
1641934801775764127,6.02,7,4.62,1
1641934801775765696,6.02,6,4.62,1
1641934801775769625,6.02,5,4.62,1
1641934801775771228,6.02,4,4.62,1
1641934801775779424,6.02,3,4.62,1
1641934801775779512,6.02,2,4.62,1
1641934801775779630,6.02,1,4.62,1
1641934801775779725,6.03,5,4.62,1
1641934828795554604,4.96,1,4.62,1
1641934847163775865,5.2,1,4.63,1
1641934847164575108,5.46,1,4.63,1
1641934847165332991,5.46,1,4.63,1
1641934847165341178,5.73,1,4.63,1
1641934847166102769,5.73,1,4.63,1
1641934847166111506,6.01,1,4.63,1
1641934847166868703,6.01,1,4.63,1
1641934847166878467,6.03,5,4.63,1
1641949141656146288,4.9,1,4.62,1
1641949141666844351,6.03,5,4.62,1
1641978000037984217,0,0,4.63,35
1641995723896157277,6.03,5,4.64,1
1641996544523283141,6.02,1,4.63,35
1641996544533084948,6.03,5,4.63,35
1641996544574228628,6.02,1,4.63,35
1641996544727497663,6.02,1,4.63,35
1641996606374472016,6.03,5,4.66,1
1641996668475846547,6.03,5,4.66,1
1641997609315084683,6.03,5,4.66,1
1641997609515331009,6.03,5,4.63,35
1641997610145757251,6.03,5,4.67,1
1641997801119742844,5.14,2,4.67,1
1641997804487990459,5.12,2,4.67,1
1641997804490937461,5.15,10,4.67,1
1641997813706700154,5.1,2,4.67,1
1641997813711187562,5.15,10,4.67,1
1641997823706503696,5.09,2,4.67,1
1641997833706574581,5.08,2,4.67,1
1641997843706385635,5.07,2,4.67,1
1641998147086484355,5.06,6,4.63,35
1641998147087714499,5.04,2,4.63,35
1641998147090759474,5.04,4,4.63,35
1641999067168359698,5.02,5,4.64,1
1641999067168705462,5.02,5,4.63,35
1642000037122458681,4.98,1,4.75,3
1642000037122561069,4.94,1,4.75,3
1642000127570711583,4.94,1,4.75,2
1642000285167366392,4.94,1,4.75,3
1642000285167428689,4.94,1,4.75,2
1642000937521876286,4.94,1,4.75,2
1642001860699818427,4.92,1,4.75,2
1642002762854474367,4.92,1,4.75,2
1642002770138825476,4.91,1,4.75,2
1642003673731229063,4.91,1,4.75,2
1642004585865817135,4.89,1,4.75,2
1642005491167898990,4.9,1,4.75,2
1642005497093294514,4.89,1,4.75,2
1642006401096760699,4.89,1,4.75,2
1642007843014937069,4.87,2,4.71,1
1642007843015287661,4.87,2,4.69,1
1642007843315661875,4.87,2,4.7,2
1642007843316096752,4.87,2,4.66,1
1642007843616263328,4.87,2,4.7,1
1642007843616622953,4.87,2,4.66,1
1642009130128581633,4.85,1,4.67,1
1642009455079301380,4.85,1,4.7,5
1642009455081499367,4.85,2,4.7,5
1642010032124511079,4.85,1,4.7,5
1642010032869151024,4.84,1,4.7,5
1642010936591846254,4.85,1,4.7,5
1642010938244285468,4.84,1,4.7,5
1642011841802778225,4.84,1,4.7,5
1642011845040099864,4.83,1,4.7,5
1642011845042392447,4.83,2,4.7,5
1642012746970817190,4.83,1,4.7,5
1642012748641318274,4.82,1,4.7,5
1642013649776245495,4.83,1,4.7,5
1642013651486687579,4.82,1,4.7,5
1642013887402935388,4.82,2,4.7,5
1642014557103449759,4.82,1,4.7,5
1642014565941797410,4.81,1,4.7,5
1642014565943986257,4.81,2,4.7,5
1642015468217598967,4.81,1,4.7,5
1642015472761169516,4.8,1,4.7,5
1642015472763448037,4.8,2,4.7,5
1642016375328163288,4.8,1,4.7,5
1642016381075616094,4.79,1,4.7,5
1642016381077882948,4.79,2,4.7,5
1642016675893025604,4.79,2,4.7,3
1642016675893148210,4.79,2,4.7,1
1642016675893177786,4.79,2,4.66,1
1642016675893507621,4.79,2,4.65,2
1642016675893519614,4.79,2,4.65,1
1642016675893528582,4.79,2,4.63,36
1642016675893602639,4.79,2,4.7,1
1642016675893724478,4.79,2,4.63,36
1642016675894123549,4.79,2,4.63,35
1642017295648883241,4.79,1,4.63,35
1642017297611010903,4.78,1,4.63,35
1642017428698807993,4.78,1,4.68,4
1642017957299868014,4.78,1,4.7,1
1642018204615656837,4.79,1,4.7,1
1642018205733485019,4.78,1,4.7,1
1642018208911843658,4.78,1,4.7,1
1642018383780935448,4.78,2,4.7,1
1642019110570866821,4.78,1,4.7,1
1642019118381729310,4.77,1,4.7,1
1642019118404111421,4.77,1,4.7,1
1642019118529264493,4.77,2,4.7,1
1642019125218476113,4.77,2,4.7,1
1642019197438170433,4.77,2,4.7,1
1642019460005313266,4.77,3,4.7,1
1642019745054702866,4.77,3,4.7,2
1642019745057098379,4.77,3,4.7,1
1642019746577068468,4.77,3,4.7,2
1642019805062778172,4.77,3,4.7,1
1642019806578780362,4.77,3,4.7,2
1642019930536487767,4.77,3,4.7,1
1642020026648042009,4.77,2,4.7,1
1642020034148949086,4.76,1,4.7,1
1642020034151417750,4.76,1,4.7,2
1642020034151734237,4.76,1,4.7,1
1642020034203954324,4.76,2,4.7,1
1642020034204273723,4.76,2,4.7,1
1642020083228364735,4.76,3,4.7,1
1642020598698654760,4.76,2,4.7,1
1642020935334186356,4.76,1,4.7,1
1642020939139013144,4.75,1,4.7,1
1642020939183644095,4.75,1,4.7,1
1642020939184456397,4.75,1,4.7,1
1642020942818737197,4.75,2,4.7,1
1642020942818758243,4.75,2,4.7,1
1642020964402927715,4.75,2,4.7,1
1642020966326505940,4.75,2,4.7,1
1642020966327195303,4.75,2,4.7,1
1642020989406039661,4.75,2,4.7,1
1642020989406134085,4.75,2,4.7,1
1642021038250636843,4.75,2,4.7,1
1642021038251301368,4.75,2,4.7,1
1642021050971445181,4.75,2,4.7,1
1642021050971557919,4.75,2,4.67,1
1642021050971663028,4.75,2,4.63,36
1642021050972435761,4.75,2,4.63,35
1642021050974043252,4.75,2,4.7,1
1642021058156994947,4.75,2,4.7,1
1642021200649401943,5.4,1,4.62,1
1642021200650165956,5.4,1,4.62,1
1642021200650173390,5.57,1,4.62,1
1642021200702463733,6.03,5,4.62,1
1642021216367758576,6.03,5,4.63,1
1642030501306583685,6.03,5,4.66,1
1642035541370273310,6.03,5,4.65,1
1642064400038711791,0,0,4.63,35
1642075200041312432,8,1,4.65,1
1642075200044559402,6.03,5,4.65,1
1642082503311965247,6.03,5,4.65,1
1642082503663390425,6.02,1,4.65,1
1642082547699508048,6.01,1,4.65,1
1642082947935243114,6,1,4.65,1
1642082948016015049,5.99,1,4.65,1
1642083258389566576,5.85,1,4.65,1
1642083258485705241,5.84,1,4.65,1
1642083568879898664,5.75,1,4.65,1
1642083568965274589,5.74,1,4.65,1
1642083569331598808,5.74,1,4.65,1
1642083879344466070,5.62,1,4.65,1
1642083879531716147,5.61,1,4.65,1
1642083879667050410,5.61,1,4.65,1
1642084200888724006,5.14,2,4.66,1
1642084203658833670,5.13,2,4.66,1
1642084205735788770,5.12,2,4.66,1
1642084207086779065,5.12,4,4.65,1
1642084207087853009,5.11,2,4.65,1
1642084207090329099,5.15,10,4.65,1
1642084207091796698,5.11,4,4.65,1
1642084215734968542,5.1,2,4.65,1
1642084215737378596,5.15,10,4.65,1
1642084215738405554,5.1,4,4.65,1
1642084220636765149,5.09,1,4.65,1
1642084220637576599,5.07,2,4.65,1
1642084220641562928,5.07,4,4.65,1
1642084225734670816,5.06,2,4.65,1
1642084225737086930,5.09,1,4.65,1
1642084225738527371,5.06,4,4.65,1
1642084225739098028,5.06,6,4.65,1
1642084228794453817,5.05,1,4.66,1
1642084327800215190,5.05,1,4.66,1
1642084740234467161,5.05,1,4.7,1
1642084740236821761,5.05,4,4.7,1
1642084902018198194,5.04,11,4.71,1
1642084902018578647,5.04,12,4.71,1
1642084903653769709,5.03,1,4.71,1
1642084903656634368,5.03,5,4.71,1
1642084903659029020,5.03,5,4.71,1
1642085000209959939,5.03,6,4.71,1
1642085051366204952,5.03,6,4.71,1
1642085807799600306,5.02,1,4.71,1
1642085808038419805,5.02,4,4.7,1
1642085808039411189,5.02,5,4.7,1
1642085808048792585,5.02,4,4.7,1
1642085808209025354,5.02,5,4.7,1
1642085995038425176,5.02,1,4.72,1
1642086715894048413,5.03,1,4.72,1
1642086716057321627,5.03,1,4.7,1
1642086716481599609,5.03,1,4.7,1
1642087409423745518,5.02,2,4.7,1
1642087409424091953,5.02,2,4.7,1
1642087537601064694,4.83,10,4.75,1
1642087537723045379,4.83,10,4.71,1
1642087537723394149,4.83,10,4.7,1
1642087540238774263,4.82,1,4.7,1
1642087540240858160,4.82,2,4.7,1
1642087743676656455,4.81,1,4.7,1
1642087751682902231,4.8,1,4.7,1
1642087751684993545,4.8,2,4.7,1
1642088654872276463,4.8,1,4.7,1
1642088660988977763,4.79,1,4.7,1
1642088744857605532,4.79,2,4.7,1
1642088896295832501,4.78,1,4.7,1
1642088896298268201,4.78,2,4.7,1
1642088896302196325,4.78,2,4.7,1
1642088899862559999,4.77,1,4.7,1
1642088899864624249,4.77,2,4.7,1
1642089232328854892,4.76,1,4.7,1
1642089239312670106,4.77,2,4.7,1
1642089806821243904,4.77,1,4.7,1
1642089809321396335,4.76,1,4.7,1
1642089809323504035,4.76,2,4.7,1
1642089817054829690,4.76,2,4.66,1
1642089817054965191,4.76,2,4.66,1
1642089817055057877,4.76,2,4.65,1
1642090577438471725,4.74,1,4.65,1
1642090599394349643,4.74,2,4.65,1
1642091478341745468,4.74,1,4.65,1
1642091484660125333,4.73,1,4.65,1
1642091549314313185,4.73,2,4.65,1
1642092387650292655,4.73,1,4.65,1
1642092393630223709,4.72,1,4.65,1
1642093288939026535,4.72,2,4.65,1
1642093295491523280,4.72,1,4.65,1
1642093300607868396,4.71,1,4.65,1
1642093300610070609,4.71,2,4.65,1
1642093300633474392,4.7,2,4.65,1
1642093310836686074,4.7,2,4.63,35
1642093310838899445,4.7,3,4.63,35
1642093319949347675,4.69,1,4.63,35
1642093319951543109,4.69,2,4.63,35
1642093748362900234,4.69,2,4.63,34
1642093748365021107,4.69,3,4.63,34
1642094221019976076,4.69,2,4.63,34
1642094228411524779,4.68,1,4.63,34
1642094228413728545,4.68,2,4.63,34
1642094228413907825,4.68,3,4.63,34
1642094228423182714,4.67,2,4.63,34
1642094238265261906,4.67,2,4.63,31
1642094238265345005,4.67,2,4.63,27
1642094238265355055,4.67,2,4.63,26
1642094238265425311,4.67,2,4.63,25
1642094238265452714,4.67,2,4.63,24
1642094238265509773,4.67,2,4.63,23
1642094238267409391,4.67,3,4.63,23
1642094238267605961,4.67,4,4.63,23
1642094243156743187,4.67,4,4.63,22
1642095064877341992,4.66,1,4.64,1
1642095064878791090,4.66,1,4.64,1
1642095064879700756,4.66,2,4.63,21
1642095152814036192,4.66,3,4.63,21
1642095162006780549,4.66,5,4.63,21
1642096054520538742,4.66,4,4.63,21
1642096057820302435,4.65,1,4.63,21
1642096057822500779,4.65,2,4.63,21
1642096057822616011,4.65,3,4.63,21
1642096076838549180,4.65,3,4.63,20
1642096084331629525,4.65,3,4.63,19
1642096104001612657,4.65,3,4.63,18
1642096963191378612,4.65,2,4.63,18
1642097143031221335,4.65,1,4.63,18
1642097143031243562,4.65,1,4.64,1
1642097143031398363,4.68,1,4.64,1
1642097143031556902,4.7,2,4.64,1
1642097143031566006,4.7,2,4.64,1
1642097143031580994,4.72,1,4.64,1
1642097143032280695,4.72,1,4.64,2
1642097143032312966,4.72,1,4.64,1
1642097143032328829,4.76,3,4.64,1
1642097143032742007,4.76,3,4.64,1
1642097143032858747,4.76,3,4.63,18
1642097143032862785,4.76,2,4.63,18
1642097143032871230,4.76,2,4.63,18
1642097143033247409,4.76,4,4.63,18
1642097143033263614,4.76,6,4.63,18
1642097143042030050,4.75,3,4.63,18
1642097143333618539,4.75,2,4.63,18
1642097145286607290,4.74,1,4.63,18
1642098048162447058,4.75,2,4.63,18
1642098959067346201,4.73,1,4.63,18
1642099792671898538,4.73,2,4.63,18
1642099859246380562,4.73,1,4.63,18
1642099867116748532,4.72,1,4.63,18
1642100770736241935,4.75,2,4.63,18
1642100772367719286,4.74,1,4.63,18
1642101673975109934,4.74,1,4.63,18
1642101676713522829,4.73,1,4.63,18
1642102579584898482,4.75,2,4.63,18
1642102592671273693,4.74,1,4.63,18
1642103500841729710,4.74,1,4.63,18
1642103501423024258,4.73,1,4.63,18
1642104403735419391,4.73,1,4.63,18
1642104404830836412,4.72,1,4.63,18
1642105308586158732,4.72,1,4.63,18
1642105311520122673,4.71,1,4.63,18
1642105316528253145,4.71,1,4.63,18
1642106219558418930,4.7,1,4.63,18
1642107125777153361,4.7,1,4.63,18
1642107299086593338,4.7,2,4.63,18
1642107299087959734,4.7,2,4.6,5
1642107591650207622,4.7,1,4.63,18
1642107591650622699,4.78,1,4.63,18
1642150800037053368,0,0,4.63,18
1642161600040843623,5,1,4.64,1
1642161600596573268,5,1,4.63,18
1642161602240905427,5,1,4.65,1
1642161604623681058,5,1,4.63,18
1642161605938630934,5,1,4.66,1
1642170600205345400,5,1,4.66,1
1642170600214239973,4.99,7,4.66,1
1642170601554211810,4.99,12,4.66,1
1642170607788319926,4.99,12,4.63,18
1642170613704721374,4.98,1,4.63,18
1642170613708795021,4.98,5,4.63,18
1642170636410548544,4.97,6,4.64,1
1642170636413889015,4.97,10,4.64,1
1642170638171965896,4.96,1,4.64,1
1642170638175570104,4.96,5,4.64,1
1642170646142363658,4.96,5,4.64,1
1642171541851985735,4.95,5,4.63,18
1642171542105730464,4.95,6,4.63,18
1642172446199989231,4.97,6,4.63,18
1642172446480908368,4.97,6,4.63,18
1642173306030550125,4.95,1,4.63,18
1642173306563124315,4.95,1,4.63,18
1642173306782996845,4.95,1,4.66,1
1642173306783409111,4.95,1,4.63,18
1642174258694723129,4.97,6,4.63,18
1642174259143809710,4.97,6,4.63,18
1642174788457154244,4.96,1,4.63,18
1642175163909856046,4.97,6,4.63,18
1642175164154874421,5,11,4.68,1
1642175229562960219,4.8,39,4.68,1
1642175229722987687,4.8,39,4.64,1
1642175229723332383,4.8,39,4.63,18
1642175230739796576,4.79,1,4.63,18
1642176142764245403,4.8,39,4.63,18
1642176149284813616,4.79,1,4.63,18
1642176149284855793,4.79,2,4.63,18
1642177031081890100,4.79,2,4.63,18
1642177031165700527,4.74,5,4.63,18
1642177033590932425,4.76,1,4.63,18
1642177033669819046,4.73,5,4.63,18
1642177035792748344,4.76,1,4.63,18
1642177035877158251,4.72,5,4.63,18
1642177040336482774,4.76,1,4.63,18
1642177048830778222,4.68,4,4.63,18
1642177050673149384,4.67,1,4.63,18
1642177053437130376,4.67,1,4.63,18
1642177058183573430,4.65,4,4.63,18
1642177060825395796,4.65,1,4.63,18
1642177060925291411,4.65,1,4.6,5
1642177110616768933,4.65,1,4.58,1
1642177974569902736,4.64,1,4.58,1
1642177974575080395,4.64,1,4.58,1
1642177974614707599,4.64,2,4.58,1
1642177974615126627,4.64,2,4.58,1
1642178256255000567,4.64,2,4.55,2
1642178256255049324,4.64,2,4.55,1
1642178256494937217,4.64,2,4.55,1
1642178259675034683,4.64,2,4.55,1
1642178280591068002,4.64,2,4.55,1
1642178319533261946,4.64,2,4.55,1
1642178367152979094,4.64,2,4.55,1
1642178382006171114,4.64,2,4.55,1
1642178382008056295,4.64,2,4.55,1
1642178882239837505,4.64,2,4.55,1
1642178891463758508,4.63,1,4.55,1
1642178979671402082,4.63,1,4.55,1
1642179297451861503,4.6,39,4.55,1
1642179297488336918,4.6,40,4.55,1
1642179298750457694,4.6,40,4.51,1
1642179298750806714,4.6,40,4.5,10
1642179298750890059,4.6,40,4.51,1
1642179298750937329,4.6,40,4.5,10
1642179702008079749,4.59,3,4.5,10
1642181130780199964,4.58,1,4.5,10
1642181133119518945,4.57,1,4.5,10
1642181133151506734,4.57,2,4.5,10
1642182035578359298,4.57,1,4.5,10
1642182153935316492,4.56,6,4.46,1
1642182153935656292,4.56,6,4.45,2
1642182153935691070,4.56,6,4.43,1
1642182153935827120,4.56,6,4.44,1
1642182153935914015,4.56,6,4.43,1
1642182154236200032,4.56,6,4.44,1
1642182154236604686,4.56,6,4.43,1
1642182154536889035,4.56,6,4.43,1
1642182155880980672,4.56,6,4.4,1
1642182156181290721,4.56,6,4.4,1
1642182181682919299,4.56,6,4.37,1
1642182244239038022,4.56,6,4.34,2
1642182244239367410,4.56,6,4.34,1
1642182244539793060,4.56,6,4.34,1
1642182249030627294,4.56,6,4.3,2
1642182249030725542,4.56,6,4.3,1
1642182429440322227,4.55,4,4.32,1
1642182429440371426,4.55,4,4.32,2
1642182429739653934,4.55,4,4.32,1
1642182732300413540,4.54,7,4.32,1
1642182732300508685,4.54,7,4.4,4
1642182882004890895,4.53,2,4.4,4
1642182885150039928,4.52,6,4.4,4
1642183550039028144,4.52,6,4.42,20
1642183775931012992,4.52,6,4.46,1
1642183775931471589,4.52,6,4.46,2
1642183779041537342,4.51,2,4.46,2
1642183792776897885,4.5,1,4.46,2
1642183796518648118,4.5,1,4.46,1
1642183980059856596,4.5,1,4.46,1
1642183988571871354,4.5,1,4.46,1
1642184003160610164,4.5,1,4.47,1
1642184698686347108,4.5,2,4.46,1
1642184698689401177,4.5,2,4.42,20
1642184698689828685,4.5,2,4.46,1
1642184700151134862,4.5,2,4.46,1
1642184700151574120,4.5,2,4.42,20
1642184707432560712,4.49,1,4.42,20
1642184707441671660,4.49,2,4.42,20
1642184707483242124,4.49,3,4.42,20
1642185055944439271,4.49,2,4.42,20
1642185610802595739,4.48,1,4.42,20
1642186514600597846,4.48,1,4.42,20
1642186523911624669,4.47,1,4.42,20
1642187120640049210,4.47,1,4.42,20
1642187120640389792,4.47,1,4.42,20
1642187120640442263,4.52,1,4.42,20
1642187120640478311,4.47,1,4.42,20
1642187120640909819,4.52,2,4.42,20
1642187120640915232,4.52,3,4.42,20
1642187120642355447,4.52,1,4.42,20
1642187120643254918,4.56,1,4.42,20
1642187120643625494,4.56,3,4.42,20
1642187120643651838,4.56,5,4.42,20
1642187120659598742,4.55,2,4.42,20
1642187121662705542,4.54,1,4.42,20
1642188022915187176,4.54,1,4.42,20
1642188566786819608,4.53,1,4.45,3
1642188807402736164,4.53,1,4.45,1
1642188807407182141,4.53,1,4.47,3
1642188922930673251,4.52,2,4.47,3
1642188937194085626,4.51,1,4.47,3
1642188960292261192,4.51,1,4.47,3
1642188960292663895,4.52,2,4.47,3
1642188990293418551,4.55,1,4.47,3
1642188990293779180,4.58,1,4.47,3
1642188990294365205,4.58,1,4.47,3
1642188990294469056,4.6,39,4.47,3
1642189009353786819,4.59,1,4.47,3
1642189009363401134,4.58,2,4.47,3
1642189016886454999,4.57,1,4.47,3
1642189919375009353,4.57,1,4.47,3
1642189919375107719,4.58,2,4.47,3
1642191751213960186,4.49,1,4.47,3
1642191881625670169,4.49,1,4.47,3
1642192040129538495,4.49,1,4.48,1
1642192040129556130,4.5,35,4.48,1
1642192040146125214,4.5,35,4.48,1
1642192040146134338,4.5,35,4.49,1
1642192040146176553,4.5,35,4.48,1
1642192040212623760,4.54,1,4.49,4
1642192040212677999,4.54,1,4.49,4
1642192040212693765,4.57,1,4.49,4
1642192040212829600,4.55,1,4.49,4
1642192040212991282,4.57,1,4.49,4
1642192040213909703,4.59,1,4.49,4
1642192040215987323,4.59,1,4.48,1
1642192040216037294,4.59,1,4.47,3
1642192040220838266,4.53,2,4.47,3
1642192483928967691,4.53,2,4.5,8
1642193166016567453,4.53,2,4.5,1
1642193166018761136,4.53,2,4.47,3
1642193705598196943,4.53,1,4.5,8
1642193705598618785,4.58,2,4.5,8
1642193705599035204,4.58,1,4.5,8
1642193705599045027,4.6,1,4.5,8
1642193705599509059,4.62,2,4.5,8
1642193709765877925,4.56,1,4.5,8
1642193797873583234,4.6,2,4.5,8
1642193797883478134,4.6,2,4.51,1
1642193797883493365,4.6,2,4.5,11
1642194000596482654,4.75,1,4.46,2
1642194000597250793,4.75,1,4.46,2
1642194000597260662,4.77,1,4.46,2
1642194000621213073,4.88,1,4.28,2
1642194000627647110,4.88,1,4.28,1
1642194000627649503,4.88,1,4.26,1
1642194000634190376,4.88,1,4.25,4
1642194000640204404,4.88,1,4.25,1
1642194000885222187,4.88,1,4.14,1
1642194000885992967,4.88,1,4.14,1
1642194000885998960,4.88,1,4.08,1
1642194001410167647,4.98,1,4.25,1
1642194001410925704,4.98,1,4.25,1
1642194001410946649,5,1,4.25,1
1642208342054467312,5,1,4.25,1
1642496400036821986,8,1,0,0
1642496400063732155,8,1,4.08,1
1642507200222619267,5.23,10,4.09,1
1642507200995097923,5.23,10,4.08,1
1642507203184333862,5.23,10,4.1,1
1642507239756382710,5,1,4.26,1
1642514562201999602,5,1,4.25,1
1642516202338045887,4.95,2,4.5,6
1642516223780587111,4.93,2,4.5,6
1642516238774028908,4.96,1,4.5,6
1642516242780701406,4.91,2,4.5,6
1642516246228934333,4.95,1,4.5,6
1642516246229634868,4.93,2,4.5,6
1642516252780522748,4.88,2,4.5,6
1642517161146628426,4.9,1,4.51,1
1642517161148587234,4.89,2,4.51,1
1642517161277849053,4.89,2,4.5,6
1642517161396004385,4.87,1,4.5,6
1642517624038991890,4.87,1,4.59,10
1642517624364189853,4.87,1,4.59,10
1642517624502284397,4.87,1,4.6,1
1642518071920340706,4.86,1,4.59,10
1642518072176953642,4.86,1,4.59,10
1642518764788246034,4.86,1,4.59,10
1642518764904188051,4.86,1,4.61,1
1642518765039080022,4.86,1,4.59,10
1642518765384449303,4.86,1,4.6,1
1642519822125485151,4.85,1,4.59,10
1642519822446822752,4.85,1,4.6,1
1642520783096511881,4.85,1,4.6,1
1642520783367642198,4.84,4,4.59,10
1642521687049979434,4.84,6,4.59,10
1642521689696969458,4.84,5,4.59,10
1642521690663648018,4.83,1,4.59,10
1642522267070661537,4.79,10,4.59,10
1642522268528646177,4.78,1,4.59,10
1642523049778891267,4.72,21,4.59,10
1642523052165638365,4.71,1,4.59,10
1642523549700781185,4.68,21,4.59,10
1642523555435282805,4.67,1,4.59,10
1642523616273411471,4.67,1,4.59,9
1642523623931185720,4.67,1,4.59,6
1642523623931241663,4.67,1,4.56,1
1642523623931294505,4.67,1,4.52,1
1642523623931634766,4.67,1,4.52,2
1642523623931680171,4.67,1,4.52,4
1642523623932279566,4.67,1,4.52,4
1642523624231733539,4.67,1,4.51,2
1642523624231759409,4.67,1,4.5,6
1642523624232596367,4.67,1,4.5,6
1642523624532273417,4.67,1,4.5,6
1642523624532651431,4.67,1,4.5,6
1642523820360587581,4.67,1,4.5,6
1642524058106484004,4.67,1,4.51,2
1642524460678068474,4.67,1,4.51,2
1642525367574569651,4.66,1,4.51,2
1642526271533447356,4.67,1,4.51,2
1642528089419034926,4.65,1,4.51,2
1642528992820963217,4.64,1,4.51,2
1642529921839033981,4.63,1,4.51,2
1642530824914841908,4.63,1,4.51,2
1642531729710753532,4.63,1,4.51,2
1642531731497655031,4.62,1,4.51,2
1642532633627484551,4.62,1,4.51,2
1642533540413547004,4.61,1,4.51,2
1642534444062311082,4.6,1,4.51,2
1642534445142225369,4.59,6,4.51,2
1642535353768846339,4.59,1,4.51,2
1642535355810696030,4.58,1,4.51,2
1642536257822635611,4.59,1,4.51,2
1642536265300821051,4.58,6,4.51,2
1642536359787044451,4.57,3,4.51,2
1642536360499688555,4.56,6,4.51,2
1642536369428185477,4.53,3,4.51,2
1642536376600583222,4.53,1,4.51,2
1642536376760029015,4.52,3,4.51,2
1642536377863326806,4.52,3,4.5,6
1642536377863711144,4.52,3,4.43,1
1642536377864052437,4.52,3,4.43,2
1642536377864144835,4.52,3,4.43,3
1642536379864130166,4.52,3,4.43,1
1642536385993302472,4.53,1,4.43,1
1642536386057769458,4.5,3,4.43,1
1642536401267514836,4.45,3,4.43,1
1642536412179991146,4.45,1,4.43,1
1642536412350772943,4.45,1,4.39,2
1642536412350793950,4.44,1,4.39,2
1642536412351103642,4.44,1,4.39,1
1642536412356688625,4.45,1,4.39,1
1642536412359915867,4.45,1,4.36,1
1642536412360158373,4.45,1,4.36,1
1642536412360174252,4.45,1,4.36,2
1642536412360226449,4.45,1,4.39,1
1642536412779326087,4.45,1,4.39,1
1642537310855948565,4.45,1,4.39,1
1642538215419395599,4.45,1,4.39,1
1642538500279021890,4.43,2,4.39,1
1642538562004796917,4.43,1,4.39,1
1642538935263489009,4.45,1,4.39,1
1642539121986613618,4.44,2,4.35,1
1642539121986936947,4.44,2,4.32,1
1642539121990323284,4.44,1,4.32,2
1642539121990663631,4.48,1,4.32,2
1642539121990666796,4.48,1,4.35,1
1642539121990730017,4.5,1,4.35,1
1642539121991815902,4.52,1,4.35,1
1642539121992218430,4.52,2,4.35,1
1642539121996325447,4.52,2,4.32,2
1642539123992150273,4.52,1,4.32,1
1642539134275490738,4.5,3,4.43,5
1642539134275687886,4.5,3,4.43,3
1642539134275796651,4.5,3,4.31,1
1642539134285049402,4.51,1,4.31,1
1642539155606558364,4.51,1,4.31,1
1642539222006923355,4.5,4,4.31,1
1642539225490271245,4.49,1,4.31,1
1642539591197655655,4.49,2,4.31,1
1642539591197659762,4.49,3,4.31,1
1642539601243970735,4.5,5,4.25,1
1642539601243973280,4.5,1,4.25,1
1642539601243974999,4.57,1,4.25,1
1642539601301963195,4.62,1,4.25,1
1642539601329247417,4.68,21,4.25,1
1642539601358303096,4.69,2,4.25,1
1642539601385137981,4.69,1,4.25,1
1642539601385139829,4.75,1,4.25,1
1642539601412223612,4.79,10,4.25,1
1642539601439850776,4.89,1,4.25,1
1642539601465841454,4.9,13,4.25,1
1642539601492088022,4.9,3,4.25,1
1642539601492090382,5,1,4.25,1
1642553949557183711,5,1,4.25,1
1642593628030882224,5,1,4.1,1
1642593640358006646,5,1,4.26,1
1642602600326881475,5,1,4.27,2
1642602602321970650,4.67,1,4.27,2
1642602602321973928,4.67,1,4.27,2
1642602612099988408,4.66,2,4.28,1
1642602612100915623,4.67,1,4.28,1
1642602617650338430,4.67,1,4.27,2
1642602620038361396,4.66,5,4.27,2
1642602623062986577,4.64,2,4.28,1
1642602623063914901,4.66,5,4.28,1
1642602623955719092,4.66,5,4.26,2
1642602625075914532,4.65,2,4.27,1
1642602625076948804,4.66,5,4.27,1
1642602910160742072,4.66,5,4.3,1
1642603520513353272,4.67,1,4.3,1
1642603520749094666,4.67,1,4.3,1
1642603525969348312,4.66,1,4.33,1
1642603533191869006,4.64,1,4.33,1
1642604271712412464,4.64,10,4.46,1
1642604271712755442,4.64,10,4.43,1
1642604271714981295,4.64,10,4.34,1
1642604271815484031,4.63,2,4.34,1
1642604272437722225,4.62,1,4.35,1
1642604503340938448,4.6,1,4.35,1
1642604593036799009,4.6,1,4.5,8
1642604608073509022,4.6,1,4.46,1
1642604608073851841,4.6,1,4.43,1
1642604608074414771,4.6,1,4.32,2
1642604608074725391,4.6,1,4.32,5
1642604608074738457,4.6,1,4.32,7
1642604608074782444,4.6,1,4.32,9
1642604608074814540,4.6,1,4.32,11
1642604608089617422,4.6,1,4.32,10
1642604608374883266,4.59,2,4.32,1
1642604612837688918,4.58,1,4.33,1
1642605514027392514,4.59,2,4.33,1
1642605514238906067,4.59,2,4.29,2
1642605514248697432,4.59,2,4.29,1
1642605643571173760,4.57,7,4.3,1
1642605643581527436,4.57,7,4.29,1
1642606561200479348,4.54,1,4.3,1
1642606768419403225,4.54,1,4.31,1
1642607464153042705,4.55,7,4.31,1
1642607465294458170,4.54,6,4.31,1
1642608371504426310,4.55,7,4.31,1
1642608374523092839,4.54,6,4.31,1
1642609050706297557,4.45,1,4.31,1
1642609055137397030,4.44,6,4.31,1
1642609073307620583,4.43,2,4.31,1
1642609074984372827,4.42,6,4.31,1
1642609085306699822,4.42,6,4.3,1
1642609107168503798,4.42,6,4.27,1
1642609461757656749,4.41,2,4.27,1
1642609462501014778,4.4,6,4.27,1
1642609462501715523,4.39,1,4.27,1
1642609462502814284,4.4,6,4.27,1
1642609469327936088,4.4,6,4.25,8
1642609740286615358,4.4,2,4.25,8
1642609897864798180,4.41,2,4.25,8
1642609897865357845,4.41,2,4.29,1
1642609897866685438,4.41,2,4.25,8
1642609897869444300,4.43,2,4.25,8
1642609897869991122,4.43,2,4.29,1
1642609897870133788,4.43,4,4.29,1
1642609897871256855,4.43,4,4.25,8
1642609897915722353,4.43,2,4.25,8
1642609897915830210,4.48,1,4.25,8
1642609897916399389,4.48,2,4.3,1
1642609897916422933,4.48,4,4.3,1
1642609897926175513,4.48,4,4.25,8
1642609898216413914,4.48,2,4.25,8
1642609898216430014,4.48,1,4.25,8
1642609898471741650,4.47,1,4.25,8
1642609898472306284,4.47,3,4.25,8
1642609898472332934,4.47,5,4.25,8
1642609898479466479,4.46,5,4.25,8
1642609907875050316,4.45,1,4.25,8
1642610808288871080,4.46,5,4.25,8
1642610824920634660,4.45,2,4.25,8
1642611728085914883,4.46,5,4.25,8
1642611728444483119,4.44,2,4.25,8
1642612530853830735,4.44,2,4.27,1
1642612635006196450,4.46,5,4.27,1
1642612635006816200,4.46,7,4.27,1
1642612635007126468,4.46,7,4.27,1
1642612635306839798,4.46,5,4.27,1
1642612639578517376,4.45,1,4.27,1
1642613546184684549,4.46,5,4.27,1
1642613547832821819,4.45,1,4.27,1
1642614125175208558,4.44,1,4.27,1
1642614134106035060,4.43,1,4.27,1
1642614488617089059,4.43,1,4.27,1
1642615037389668681,4.44,1,4.27,1
1642615038750415564,4.43,1,4.27,1
1642615943735230160,4.44,1,4.28,1
1642615950471767366,4.43,3,4.28,1
1642616853293735717,4.46,5,4.28,1
1642616853294339897,4.46,7,4.28,1
1642616853594349761,4.46,5,4.28,1
1642616855544608296,4.45,3,4.28,1
1642617761122515438,4.46,5,4.28,1
1642617764570722943,4.45,3,4.28,1
1642618685408291560,4.46,5,4.28,1
1642618687296489583,4.45,3,4.28,1
1642619592140950621,4.46,5,4.28,1
1642619594438145478,4.45,3,4.28,1
1642620498271832455,4.46,5,4.28,1
1642620500453476129,4.45,1,4.28,1
1642621402025964410,4.46,5,4.28,1
1642621404611951300,4.45,1,4.28,1
1642622306879592642,4.46,5,4.28,1
1642622308547059534,4.45,4,4.28,1
1642622309259626526,4.45,4,4.3,2
1642622311536952374,4.45,4,4.3,3
1642622329274068457,4.45,4,4.3,1
1642625512058349027,4.45,1,4.27,1
1642625557138619857,4.45,1,4.27,1
1642625576548944721,4.45,1,4.28,1
1642625583748374930,4.45,1,4.27,1
1642625651134951819,4.45,1,4.3,2
1642625651135666824,4.45,1,4.3,3
1642625692539026329,4.45,1,4.3,2
1642625692539043992,4.45,1,4.3,1
1642625692717249068,4.45,1,4.27,1
1642625733351899258,4.45,1,4.27,1
1642625750097354120,4.45,1,4.27,1
1642626001308569629,4.56,1,4.25,1
1642626001308572778,4.58,1,4.25,1
1642626001335452052,4.62,1,4.25,1
1642626001361173038,4.64,10,4.25,1
1642626001386176767,4.65,2,4.25,1
1642626001409437537,4.65,1,4.25,1
1642626001409445263,4.68,21,4.25,1
1642626001432662236,4.7,1,4.25,1
1642626001455872977,4.72,1,4.25,1
1642626001479624835,4.85,4,4.25,1
1642626001504046867,4.85,3,4.25,1
1642626001528069235,4.9,10,4.25,1
1642626001552942652,5,1,4.25,1
1642626023193541997,5,1,4.26,1
1642640342341324942,5,1,4.25,1
1642680035884888020,5,1,4.25,1
1642680036407911618,5,1,4.26,1
1642686827972015402,5,1,4.3,1
1642686828261214771,5,1,4.31,1
1642686884489899349,5,1,4.32,1
1642686884612344016,5,1,4.33,1
1642686934965098509,5,1,4.34,1
1642686935141898314,5,1,4.35,1
1642686964874639333,5,1,4.36,1
1642686965183951723,5,1,4.37,1
1642688911850407678,5,1,4.37,1
1642689001725667189,4.58,1,4.37,1
1642689001725674449,4.58,1,4.37,1
1642689004477707570,4.58,1,4.37,1
1642689009686418233,4.58,1,4.37,1
1642689013233418122,4.57,1,4.37,1
1642689102039456358,4.56,5,4.37,1
1642689104269467600,4.55,1,4.37,1
1642690006947887956,4.56,5,4.37,1
1642690009863735767,4.55,4,4.37,1
1642690795000465745,4.55,4,4.33,1
1642690795301072604,4.55,4,4.33,1
1642690795372679706,4.55,4,4.28,1
1642690795673037140,4.55,4,4.28,2
1642690795673056777,4.55,4,4.28,1
1642690795778555330,4.55,5,4.28,1
1642690864190772334,4.45,42,4.25,8
1642690868598670840,4.44,4,4.25,8
1642691387995605825,4.44,4,4.34,1
1642691769805141414,4.45,42,4.34,1
1642691770839297336,4.44,4,4.34,1
1642692673135667500,4.45,42,4.34,1
1642693539139745674,4.35,42,4.3,1
1642693539139842073,4.35,42,4.27,1
1642693539140163528,4.35,42,4.27,2
1642693539440228736,4.35,42,4.25,8
1642693541803309424,4.34,1,4.25,8
1642694012933137460,4.35,42,4.25,8
1642694012933162364,4.35,42,4.27,1
1642694012934792744,4.34,1,4.25,8
1642694388313153624,4.35,42,4.25,8
1642694450120180180,4.34,1,4.25,8
1642694566850962243,4.35,42,4.25,8
1642694566868077638,4.35,42,4.34,7
1642694566868134879,4.35,38,4.34,7
1642694566868220222,4.35,11,4.34,7
1642694566868290827,4.35,8,4.34,7
1642694566869747181,4.35,8,4.34,4
1642694587447891695,4.35,8,4.34,4
1642694587461193200,4.35,3,4.34,4
1642694661359570103,4.35,1,4.34,4
1642695709045494314,4.38,1,4.34,4
1642695709045661317,4.42,1,4.34,4
1642695709046445962,4.44,1,4.34,4
1642695709052998212,4.35,3,4.34,4
1642695709055339504,4.35,1,4.34,4
1642695709057635545,4.35,1,4.34,2
1642695709057678192,4.4,1,4.34,2
1642695709060093283,4.4,1,4.31,1
1642695709060127759,4.4,1,4.27,1
1642695709331961348,4.44,1,4.27,6
1642695709360686204,4.44,1,4.27,4
1642695709360763958,4.44,1,4.27,2
1642695709360795358,4.44,1,4.25,8
1642695753643198113,4.47,1,4.25,8
1642695776612055859,4.5,1,4.25,8
1642695776905159859,4.5,1,4.26,1
1642695806900482041,4.54,2,4.26,1
1642695806900577837,4.54,1,4.26,1
1642695807200734505,4.54,1,4.26,1
1642695900633079252,4.58,1,4.26,1
1642696489110842636,4.42,21,4.25,8
1642697625304019158,4.42,21,4.27,1
1642698612821586636,4.42,21,4.27,15
1642699873951225460,4.42,21,4.28,1
1642699874481052018,4.42,21,4.27,15
1642699874503280173,4.42,21,4.28,1
1642699875036196288,4.42,21,4.27,15
1642703347603399077,4.46,1,4.35,2
1642703347603744158,4.49,1,4.35,2
1642703347904028290,4.49,1,4.35,2
1642703362228352203,4.51,1,4.35,2
1642703362841931696,4.52,1,4.35,2
1642703363142463882,4.52,1,4.35,2
1642703404836744540,4.55,2,4.35,2
1642703404836830495,4.55,1,4.35,2
1642703405137055789,4.55,1,4.35,2
1642703791223644834,4.55,1,4.35,1
1642705452372629296,4.55,1,4.35,6
1642709234466424537,4.54,1,4.35,6
1642710137693623486,4.55,1,4.35,6
1642710139675097773,4.54,1,4.35,6
1642710630488091020,4.58,2,4.35,6
1642710630488139318,4.54,1,4.35,6
1642711041745320943,4.58,2,4.35,6
1642711041745332160,4.58,1,4.35,6
1642711041745657990,4.58,1,4.35,6
1642711050959364381,4.57,1,4.35,6
1642711952845454787,4.58,1,4.35,6
1642711968075709019,4.57,1,4.35,6
1642712097637740352,4.57,1,4.35,1
1642712400614168207,4.9,1,4.35,1
1642712401004243222,4.9,1,4.25,1
1642712401527556375,5,1,4.25,1
1642712410958728785,5,1,4.36,1
1642712437789640477,5,1,4.25,1
1642712442537020821,5,1,4.37,1
1642726742066664766,5,1,4.25,1
1642766434598951560,5,1,4.22,3
1642766434941759475,5,1,4.23,1
1642766435260962821,5,1,4.22,3
1642766435313077882,5,1,4.24,1
1642766437591558152,5,1,4.25,1
1642766437919332629,5,1,4.26,1
1642773402597230241,5,1,4.25,1
1642773450759308546,5,1,4.26,1
1642773480498456421,4.4,3,4.26,1
1642773480807795354,4.4,3,4.25,1
1642775401755363432,4.4,3,4.25,11
1642775401755378256,4.4,3,4.25,11
1642775417065914884,4.39,1,4.25,11
1642775982028469964,4.39,1,4.25,3
1642775982057313938,4.39,1,4.25,9
1642776017212377308,4.39,48,4.25,9
1642776967006858799,4.38,1,4.26,1
1642776967006965480,4.38,1,4.25,8
1642777223587979821,4.39,48,4.25,8
1642778126488928821,4.39,48,4.25,8
1642778128631647375,4.38,1,4.25,8
1642779032971387016,4.39,48,4.25,8
1642779034310866451,4.38,1,4.25,8
1642779939421319547,4.39,48,4.25,8
1642779943472445363,4.38,1,4.25,8
1642780771448100447,4.38,1,4.25,10
1642780850031889724,4.39,48,4.25,10
1642780850652174910,4.38,1,4.25,10
1642781757424897426,4.39,48,4.25,10
1642781767599205099,4.38,1,4.25,10
1642782526246526211,4.3,8,4.25,10
1642782527678344897,4.29,1,4.25,10
1642782543401421162,4.34,1,4.25,10
1642782543401465542,4.29,1,4.25,10
1642782543402384298,4.29,10,4.25,10
1642782551028730168,4.29,1,4.25,10
1642782551029735631,4.28,8,4.25,10
1642782558611904366,4.27,8,4.25,10
1642782566889559060,4.27,1,4.25,10
1642782566890535282,4.26,7,4.25,10
1642782568195243835,4.26,7,4.25,8
1642782568195678460,4.26,7,4.25,1
1642782579293804062,4.26,7,4.22,3
1642782734929344106,4.25,7,4.22,3
1642782738209482045,4.25,7,4.22,2
1642782738209539850,4.25,7,4.18,1
1642782738209651094,4.25,7,4.16,1
1642782738510091942,4.25,7,4.14,1
1642782744757678426,4.25,1,4.14,1
1642782744758668263,4.24,7,4.14,1
1642783441754744223,4.23,1,4.13,18
1642783650996231124,4.27,1,4.13,18
1642783650996567562,4.3,1,4.13,18
1642783650997083089,4.3,2,4.13,18
1642783650997103439,4.3,4,4.13,18
1642783651296947213,4.3,2,4.13,18
1642783651296961113,4.3,1,4.13,18
1642783654793014169,4.29,1,4.13,18
1642784264920339806,4.29,1,4.2,2
1642784568420022018,4.34,1,4.2,2
1642784568420379630,4.36,1,4.2,2
1642784568420755241,4.36,2,4.2,2
1642784568420778173,4.36,4,4.2,2
1642784568720654237,4.36,2,4.2,2
1642784568720662279,4.37,2,4.2,2
1642784568721218212,4.37,4,4.2,2
1642784568721240471,4.37,6,4.2,2
1642784568721253966,4.37,4,4.2,2
1642784569021243630,4.37,2,4.2,2
1642784569021248851,4.37,1,4.2,2
1642784570633824695,4.36,1,4.2,2
1642784577555328470,4.36,1,4.25,1
1642784577555788762,4.36,1,4.2,2
1642785309514285167,4.36,1,4.2,3
1642785309542894772,4.36,1,4.21,1
1642785309586520441,4.36,1,4.2,3
1642785310546201103,4.36,1,4.21,1
1642785310595476122,4.36,1,4.2,3
1642785471708858848,4.39,48,4.2,3
1642785471709613322,4.39,50,4.2,3
1642785472009583281,4.39,48,4.2,3
1642785472315675511,4.38,2,4.2,3
1642786379139686786,4.38,1,4.2,3
1642786379896888433,4.37,2,4.2,3
1642787280536999136,4.38,1,4.2,3
1642787281927398354,4.37,1,4.2,3
1642788188380744177,4.38,1,4.22,30
1642789111148622659,4.38,1,4.22,30
1642791434845662148,4.3,2,4.22,30
1642792346065563382,4.3,2,4.22,30
1642793252150827935,4.3,2,4.22,30
1642793446108509424,4.3,2,4.22,30
1642793446108531458,4.3,2,4.23,1
1642793446110043521,4.3,2,4.29,10
1642793446110411423,4.3,1,4.29,10
1642793446110449357,4.34,1,4.29,10
1642793446110482125,4.36,1,4.29,10
1642793446111378756,4.38,5,4.29,10
1642793446111782895,4.38,7,4.29,10
1642793446114511164,4.38,7,4.29,9
1642793446411697163,4.38,5,4.29,9
1642793450418627424,4.37,1,4.29,9
1642793450419175578,4.37,3,4.29,9
1642793450719200335,4.37,1,4.29,9
1642794355442164547,4.38,5,4.29,9
1642794360579970253,4.37,2,4.29,9
1642795264892596566,4.38,5,4.29,9
1642795266412849536,4.37,1,4.29,9
1642796169247008870,4.38,5,4.29,9
1642796171697964266,4.37,2,4.29,9
1642797164192360336,4.38,5,4.29,10
1642797164192693044,4.38,5,4.29,9
1642797164201368430,4.38,3,4.29,9
1642797164201566496,4.38,2,4.29,9
1642798268560589200,4.38,2,4.29,4
1642798268562120850,4.38,2,4.29,3
1642798268760834703,4.38,2,4.29,4
1642798724835689789,4.38,2,4.29,3
1642798724835879427,4.38,2,4.29,8
1642798790131984542,4.39,48,4.29,8
1642806020359477880,5,1,4.05,2
1642808187772951592,5,1,4.06,1
1642813139430342687,5,1,4.05,2
1643014800037572724,7.5,5,0,0
1643014800063826278,7.5,5,2.99,2
1643025600078616374,7.5,5,4.05,2
1643025631541112174,5,1,4.06,1
1643034520024364605,5,1,4.06,1
1643034601900410040,4.29,1,4.06,1
1643034601900412916,4.29,1,4.06,1
1643034612992951982,4.28,1,4.06,1
1643035245437893050,4.2,7,4.06,1
1643035275384067176,4.18,3,4.06,1
1643035283288850942,4.17,4,4.06,1
1643035283288884527,4.17,3,4.06,1
1643035338903719156,4.17,1,4.06,1
1643035338904672992,4.16,3,4.06,1
1643036011160155866,4.15,1,4.07,1
1643036100011311119,4.15,3,4.07,1
1643036132730048414,4.14,1,4.07,1
1643036132777923630,4.15,3,4.07,1
1643036258663045440,4.14,1,4.07,1
1643037159733175829,4.15,3,4.07,1
1643037161484711434,4.14,1,4.07,1
1643038064898219330,4.18,1,4.07,1
1643038064899480485,4.22,1,4.07,1
1643038068286650661,4.21,1,4.07,1
1643038969689134414,4.25,20,4.07,1
1643038973967859793,4.24,1,4.07,1
1643039874366323599,4.25,20,4.07,1
1643039875537030061,4.24,1,4.07,1
1643040782706013801,4.25,20,4.07,1
1643040790233585831,4.24,1,4.07,1
1643041696179784442,4.25,20,4.07,1
1643041700137728212,4.24,1,4.07,1
1643042601192776628,4.25,20,4.07,1
1643042603234965448,4.24,1,4.07,1
1643043503706162729,4.25,20,4.07,1
1643043505222881679,4.24,1,4.07,1
1643043985928354915,4.24,1,4.07,2
1643044253394554647,4.17,1,4.07,2
1643045170653029498,4.18,9,4.07,2
1643045176091372296,4.17,1,4.07,2
1643046077562037009,4.18,9,4.07,2
1643046089026139779,4.17,1,4.07,2
1643046990690935140,4.18,9,4.07,2
1643046993439628670,4.17,1,4.07,2
1643047037071739800,4.17,1,4.07,1
1643047086299933432,4.17,1,4.07,2
1643047895443795799,4.18,9,4.07,2
1643047898756283090,4.17,1,4.07,2
1643048746633012790,4.17,1,4.07,3
1643048799709985524,4.18,9,4.07,3
1643048805237103721,4.17,1,4.07,3
1643049029314199774,4.17,1,4.07,2
1643049032629977446,4.16,1,4.07,2
1643049033184399886,4.17,1,4.07,2
1643049033923132711,4.18,9,4.07,2
1643049033923246506,4.15,1,4.07,2
1643049036034180702,4.15,1,4.07,3
1643049687758410711,4.18,9,4.07,3
1643049687758457087,4.15,1,4.07,3
1643049848072778274,4.15,1,4.07,2
1643049934368855999,4.18,9,4.07,2
1643049936394837233,4.17,1,4.07,2
1643050837621180787,4.18,9,4.07,2
1643050842752735110,4.17,1,4.07,2
1643051754454328932,4.18,9,4.07,2
1643051756470416677,4.17,1,4.07,2
1643052195647202292,4.17,1,4.07,1
1643052196352847055,4.17,1,4.07,2
1643052659026183837,4.18,9,4.07,2
1643052665796005865,4.17,1,4.07,2
1643053568025468576,4.18,9,4.07,2
1643053574608762925,4.17,1,4.07,2
1643054480914983305,4.18,9,4.07,2
1643054482722083952,4.17,1,4.07,2
1643054502897336632,4.18,9,4.07,2
1643054502897382831,4.17,1,4.07,2
1643054502898330788,4.18,9,4.07,2
1643054502898376037,4.17,1,4.07,2
1643054502898814582,4.17,1,4.07,1
1643054502899054156,4.18,9,4.07,1
1643054502899800591,4.22,1,4.07,1
1643054502899915232,4.22,1,4.07,1
1643054502900123891,4.23,1,4.07,1
1643054502900495445,4.23,3,4.07,1
1643054502901766650,4.23,3,4.2,7
1643054503000369829,4.23,2,4.2,7
1643054503106717431,4.24,2,4.2,7
1643054504900745393,4.25,20,4.2,7
1643054507753712570,4.25,19,4.2,7
1643054602367374157,4.25,19,4.15,1
1643054602367429753,4.25,19,4.14,1
1643054602368847964,4.25,19,4.14,1
1643054650459682321,4.25,19,4.14,1
1643054650459711852,4.28,1,4.14,1
1643054650459768390,4.31,1,4.14,1
1643054650459791978,4.31,1,4.12,1
1643054650460617666,4.31,1,4.12,1
1643054650466770871,4.31,1,4.1,1
1643054650466803491,4.31,1,4.08,1
1643054650560652744,4.31,1,4.08,1
1643054650721744404,4.3,1,4.08,1
1643054652722311347,4.3,1,4.08,1
1643054685590649572,4.3,1,4.08,1
1643054700436344780,4.31,1,4.08,1
1643055360472178149,4.31,1,4.14,1
1643055360473273786,4.31,1,4.14,1
1643055360473972008,4.31,1,4.08,1
1643055360476245873,4.31,1,4.05,2
1643055360744247346,4.31,1,4.05,3
1643055577448645822,4.31,1,4.06,1
1643055581537774020,4.31,1,4.06,2
1643056486529678565,4.31,1,4.06,1
1643056493076686983,4.31,1,4.07,1
1643056496538773899,4.31,1,4.07,2
1643057314505936756,4.34,1,4.07,2
1643057314506066650,4.35,1,4.07,2
1643058001676834831,5.25,1,4.05,2
1643058001677608928,5.25,1,4.05,2
1643058001677618927,5.53,1,4.05,2
1643058001677631225,5,1,4.05,2
1643058010965588068,5,1,4.1,1
1643072341315411770,5,1,4.05,2
1643101200036162794,7.5,5,0,0
1643101200063826834,7.5,5,2.99,2
1643121000272467893,4.4,1,4.05,2
1643121000272836932,4.4,1,4.05,2
1643121000612362163,4.4,1,4.05,2
1643121002234168388,4.4,1,4.05,2
1643121004797525232,4.4,1,4.05,2
1643121012773899520,4.4,1,4.06,1
1643121128777254973,4.4,1,4.06,1
1643121306835016250,4.4,2,4.06,1
1643121306835205305,4.4,2,4.06,1
1643121306835221936,4.36,1,4.06,1
1643121913400515990,4.36,1,4.06,1
1643121919743458992,4.35,1,4.06,1
1643121923548101551,4.35,1,4.05,2
1643122826107354491,4.4,1,4.05,2
1643122826107692856,4.4,1,4.05,2
1643122826130915111,4.4,1,4.05,2
1643122837116880291,4.39,1,4.05,2
1643123591296533350,4.39,1,4.05,2
1643123744630750610,4.4,1,4.05,2
1643123748897170857,4.39,1,4.05,2
1643124651714961737,4.4,1,4.05,2
1643124653909743239,4.39,1,4.05,2
1643125555612658220,4.4,1,4.05,2
1643125557069100531,4.39,1,4.05,2
1643126459142343775,4.4,1,4.05,2
1643126461685144174,4.39,1,4.05,2
1643126862852808703,4.39,1,4.06,1
1643127031276823300,4.39,1,4.1,1
1643127364865577948,4.4,1,4.1,1
1643127367643629668,4.39,1,4.1,1
1643128012821038628,4.39,1,4.13,1
1643128270189274510,4.4,1,4.13,1
1643128279070236930,4.39,1,4.13,1
1643129179885008909,4.4,1,4.13,1
1643129184020970343,4.39,1,4.13,1
1643130092100466388,4.4,1,4.13,1
1643130093642838260,4.39,1,4.13,1
1643130996946337877,4.4,1,4.13,1
1643131004018712718,4.39,1,4.13,1
1643131909271579039,4.4,1,4.13,1
1643131910626298747,4.39,1,4.13,1
1643131920048191525,4.38,1,4.13,1
1643131924009400271,4.39,1,4.13,1
1643131924146457403,4.37,1,4.13,1
1643131925920588792,4.36,1,4.13,1
1643132827525117578,4.4,1,4.13,1
1643132827525166045,4.4,1,4.13,1
1643132836103378998,4.39,1,4.13,1
1643133737592139275,4.4,1,4.13,1
1643133738462900914,4.39,1,4.13,1
1643134645561610168,4.4,1,4.13,1
1643134652277896861,4.39,1,4.13,1
1643135554677355168,4.4,1,4.13,1
1643135555328660354,4.39,1,4.13,1
1643136457094222797,4.4,1,4.13,1
1643136461580754526,4.39,1,4.13,1
1643136553310915552,4.39,1,4.13,1
1643137363030019014,4.4,1,4.13,1
1643137364581584780,4.39,1,4.13,1
1643138266805044417,4.4,1,4.13,1
1643138267670218766,4.39,1,4.13,1
1643139173047905216,4.4,1,4.13,1
1643143257590607866,4.41,1,4.13,1
1643143257601996765,4.4,1,4.13,1
1643144090205479477,4.4,1,4.13,1
1643144370001643863,4.4,1,4.13,1
1643144401119776967,4.58,1,4.05,2
1643144401119781638,4.59,2,4.05,2
1643144401141938528,4.59,1,4.05,2
1643144401141940312,4.71,1,4.05,2
1643144401164889602,4.81,1,4.05,2
1643144401190397764,4.85,3,4.05,2
1643144401215513149,4.94,1,4.05,2
1643144401216288176,5,1,4.05,2
1643144817481830231,5,1,4.15,1
1643187600038883543,8,1,0,0
1643187600038897436,7.5,5,0,0
1643187600063285352,7.5,5,2.99,2
1643198400056417667,5,1,4.01,5
1643207400248587948,5,1,4.06,1
1643207401996716037,4.5,1,4.06,1
1643207401996720892,4.5,1,4.06,1
1643207491699328234,4.5,1,4.06,1
1643207737317088323,4.5,1,4.07,1
1643207737320002039,4.5,1,4.08,1
1643207748106162353,4.5,1,4.05,2
1643207748106193036,4.5,1,4.09,1
1643207752626486464,4.5,1,4.1,1
1643207756861192403,4.5,1,4.05,2
1643207756861229987,4.5,1,4.11,1
1643208657421851721,4.5,1,4.05,3
1643208657422547438,4.5,1,4.05,5
1643208657423088832,4.5,1,4.07,1
1643208657448665127,4.5,1,4.08,1
1643208657727358255,4.5,1,4.05,2
1643208660397615006,4.5,1,4.06,1
1643208660398766831,4.5,1,4.07,1
1643208677679373520,4.5,1,4.08,1
1643208677680961597,4.5,1,4.09,1
1643208684355426778,4.5,1,4.1,1
1643209195001470212,4.56,1,4.1,1
1643209195002713014,4.56,3,4.12,1
1643209195101865494,4.58,1,4.12,1
1643209195102469708,4.58,4,4.12,1
1643209199001388041,4.57,1,4.06,1
1643209199001475233,4.57,1,4.13,1
1643209207699938321,4.57,1,4.08,1
1643209207700148277,4.57,1,4.15,1
1643209216269810783,4.57,1,4.09,2
1643209216269991115,4.57,1,4.17,1
1643209232169108600,4.57,1,4.11,2
1643209232169140008,4.57,1,4.19,1
1643209232170016420,4.58,1,4.19,1
1643210132612746722,4.58,1,4.13,1
1643210132614072524,4.58,1,4.15,1
1643210132641102711,4.56,1,4.16,1
1643210132904689055,4.56,1,4.13,3
1643210132913485846,4.56,1,4.13,2
1643210132913497584,4.56,1,4.05,2
1643210132919625087,4.56,1,4.05,3
1643210132919644862,4.56,1,4.05,7
1643210132919664716,4.56,1,4.05,9
1643210132919685890,4.56,1,4.05,11
1643210132996701376,4.56,1,4.05,12
1643210133019700556,4.56,1,4.05,8
1643210133024678566,4.56,1,4.06,1
1643210133024847092,4.56,1,4.06,4
1643210133124905864,4.56,1,4.05,7
1643210133219649158,4.56,1,4.05,5
1643210133219681722,4.56,1,4.05,4
1643210133219708108,4.56,1,4.05,4
1643210133219749117,4.56,1,4.05,2
1643210133247652970,4.56,1,4.05,3
1643210133415245122,4.56,1,4.05,2
1643210133514344880,4.56,1,4.05,3
1643210136144180933,4.56,1,4.06,1
1643210136154655779,4.56,1,4.06,3
1643210142822081834,4.56,1,4.09,1
1643210150399213727,4.56,1,4.11,1
1643210157961899530,4.56,1,4.13,1
1643210166148102802,4.56,1,4.16,1
1643210172675003773,4.56,1,4.18,1
1643210172675881113,4.58,1,4.18,1
1643211073448595628,4.58,1,4.11,1
1643211073475311625,4.58,1,4.12,1
1643211073723109747,4.58,1,4.11,3
1643211073749323013,4.58,1,4.06,2
1643211073749323808,4.58,1,4.05,3
1643211073829898514,4.58,1,4.06,1
1643211074130122210,4.58,1,4.06,1
1643211982334052390,4.58,1,4.05,2
1643212202569102796,4.5,1,4.06,1
1643212579273216723,4.5,14,4.06,1
1643212606563329533,4.5,1,4.06,1
1643212606708403987,4.45,13,4.06,1
1643212621683334514,4.49,1,4.06,1
1643212621683431647,4.5,1,4.06,1
1643212621819663287,4.41,13,4.06,1
1643212645561097511,4.45,1,4.06,1
1643212645561231122,4.47,1,4.06,1
1643212674364029144,4.4,4,4.06,1
1643212674364391905,4.4,4,4.06,1
1643212674364399884,4.44,1,4.06,1
1643212674364507020,4.46,1,4.06,1
1643212674434567789,4.39,13,4.06,1
1643212695432917205,4.43,1,4.06,1
1643212695433063062,4.45,1,4.06,1
1643212695537697665,4.38,13,4.06,1
1643212711013853307,4.42,1,4.06,1
1643212711013955607,4.44,1,4.06,1
1643212711100660060,4.37,13,4.06,1
1643212721603853693,4.41,1,4.06,1
1643212721603993652,4.43,1,4.06,1
1643212721604771106,4.5,1,4.06,1
1643212721706170538,4.36,13,4.06,1
1643212759016743473,4.4,1,4.06,1
1643212759016891439,4.42,1,4.06,1
1643212759103261680,4.35,13,4.06,1
1643212781975869533,4.39,1,4.06,1
1643212781975975047,4.41,1,4.06,1
1643212800629156759,4.34,4,4.06,1
1643212800629533568,4.38,1,4.06,1
1643212800629621940,4.4,1,4.06,1
1643212800753701023,4.33,13,4.06,1
1643212814900729768,4.37,1,4.06,1
1643212814900844216,4.39,1,4.06,1
1643212815005504279,4.32,13,4.06,1
1643212837831250315,4.36,1,4.06,1
1643212837831390367,4.38,1,4.06,1
1643212837832374197,4.49,1,4.06,1
1643212837929849324,4.31,13,4.06,1
1643212853087556934,4.35,1,4.06,1
1643212853087695595,4.37,1,4.06,1
1643212853234829780,4.3,13,4.06,1
1643212887147236146,4.34,1,4.06,1
1643212887147354280,4.36,1,4.06,1
